2858 5046
135 492 138 497 ⁴
160 503 202 568 ¹4
566 496 617 548 nn
639 494 870 548 cunmrarn.

157 677 212 732 est
227 667 365 742 bonum,
382 665 468 730 sicut
484 664 515 729 ei
529 662 656 729 malum
672 674 726 728 est
742 660 888 728 malum:
913 682 981 728 non
997 670 1113 745 potest
1129 658 1280 745 separari

157 781 259 824 unum
276 761 319 824 ab
334 758 452 824 altero.
1300 816 1304 823 .

221 853 396 935 Quantum
411 853 484 935 quis
506 863 658 917 veterem
674 851 846 917 hominem
869 851 975 927 exuit,
992 859 1126 915 tantum
1150 867 1278 914 novum

157 949 273 1012 induit.

220 1040 395 1122 Quantum
411 1040 484 1123 quis
500 1038 666 1122 crucifigit
681 1057 828 1113 carnem,
845 1048 979 1102 tantum
996 1037 1114 1120 spiritu
1129 1037 1225 1102 vivit.

219 1135 331 1197 Nemo
347 1144 463 1215 potest
479 1133 609 1197 duobus
626 1134 770 1197 dominis
785 1131 885 1196 simul
901 1133 1034 1196 servire.

220 1227 380 1310 Cognitio
395 1226 537 1291 involvit
553 1227 643 1309 quod
663 1227 836 1290 sciendum
853 1227 897 1290 sit
913 1227 991 1309 quid
1006 1245 1122 1289 verum
1138 1236 1175 1290 et
1197 1225 1279 1309 quid

154 1320 296 1400 salsum3
320 1322 464 1386 remotio
479 1332 532 1385 est
548 1320 754 1398 voluntatis;
778 1330 955 1402 utrumque
971 1321 1071 1384 vitae.

157 1500 180 1552 7.
207 1500 278 1556 Orod
292 1499 351 1553 indo
367 1504 498 1568 acuamur,
510 1500 579 1569 quod
591 1500 701 1568 primum
719 1498 854 1553 charitatis
870 1499 908 1552 rit
922 1502 1041 1566 aptoton
1052 1498 1088 1552 ad
1102 1498 1236 1552 Dominum
1252 1503 1281 1552 ct

255 1568 430 1685 {iisswm
446 1566 506 1634 quia
522 1570 724 1675 rumperentur
748 1570 776 1619 st
790 1566 860 1634 quod
874 1566 1014 1619 eorundum
1031 1565 1166 1628 charitatis
1182 1565 1221 1619 sit
1236 1568 1279 1620 Ια-

219 1747 329 1811 Malus
354 1758 469 1830 potest
490 1769 596 1830 aeque
617 1749 743 1811 bonum
767 1747 876 1812 lacere
899 1749 984 1811 sicut
1007 1747 1134 1826 bonus;
1158 1755 1278 1830 potest

155 1843 185 1905 ei
201 1842 373 1923 suppetias
387 1842 481 1917 serre,
494 1851 610 1923 potest
625 1843 655 1905 ei
668 1841 762 1924 plura
773 1843 864 1906 bona
875 1842 994 1916 iacere,
1007 1863 1052 1905 ex
1067 1841 1277 1907 benevolen-

155 1937 214 2009 tia,
231 1957 275 1998 ex
292 1936 515 2018 benignitate,
531 1957 576 1999 ex
592 1937 749 2012 amicitia,
766 1958 811 1999 ex
835 1937 1070 2013 miseratione,
1093 1937 1154 1999 sed
1170 1957 1277 2020 usque

156 2049 225 2092 non
241 2038 320 2092 sunt
336 2029 511 2093 charitatis
526 2029 615 2111 apud
631 2028 725 2092 illum
748 2031 804 2113 qui
818 2029 909 2105 facit,
925 2029 985 2093 sed
1000 2030 1090 2111 apud
1105 2029 1201 2094 illum
1223 2031 1277 2094 cui

155 2121 215 2202 fit;
237 2123 340 2187 estin
356 2132 500 2186 externa
516 2123 627 2204 specie
644 2123 800 2186 charitas.

220 2215 366 2298 Quando
381 2217 455 2299 quis
470 2216 555 2298 sugit
576 2214 701 2280 malum
724 2226 761 2280 ut
785 2227 963 2299 peccatum
986 2215 1176 2299 aliquoties,
1193 2227 1274 2282 tunc

156 2321 296 2392 apparet
309 2309 411 2373 modo
423 2311 453 2374 ei
465 2309 590 2373 bonum
603 2310 693 2391 quod
705 2309 804 2389 facit,
825 2321 860 2374 et
873 2322 951 2375 sunt
964 2309 1061 2374 simul
1074 2310 1163 2392 apud
1176 2330 1253 2374 eum
1265 2331 1274 2388 ;

155 2404 215 2467 sed
236 2424 340 2486 usque
362 2422 464 2467 unum
486 2404 550 2467 erit
572 2404 681 2485 prius,
704 2412 740 2467 et
763 2423 865 2467 unum
887 2415 941 2469 est
963 2403 1098 2468 realiter
1120 2404 1222 2487 prius,
1238 2413 1273 2468 et

154 2498 303 2561 interius.

683 2836 745 2899 111.

154 3012 265 3096 QUOD
289 3030 479 3082 PROXIMUS
502 3031 566 3094 QUI
590 3030 773 3081 AMANDUS
800 3030 841 3081 IN
864 3031 1076 3083 SPIRITUALI
1098 3032 1192 3082 IDEA
1213 3031 1270 3085 SIT

279 3130 410 3182 BONUM
433 3131 481 3181 ET
503 3131 643 3181 VERUM.

216 3296 348 3360 Dicitur
368 3298 402 3360 in
425 3297 588 3379 spirituali
610 3298 696 3372 idea,
720 3298 796 3379 quia
825 3297 883 3360 illa
905 3298 980 3361 idea
1002 3308 1055 3362 est
1079 3299 1112 3361 in
1129 3320 1195 3381 qua
1217 3307 1269 3363 est

152 3390 332 3470 spiritualis
344 3391 446 3454 homo
462 3392 610 3467 interius,
624 3392 723 3473 inque
739 3391 858 3453 eadem
875 3401 953 3454 sunt
969 3392 1101 3473 angeli;
1125 3403 1178 3456 est
1193 3391 1270 3456 idea

151 3483 208 3545 illa
225 3482 395 3547 abstrat'ta
409 3505 429 3547 a
445 3487 595 3560 materia,
612 3505 632 3548 a
655 3486 765 3566 spatio
788 3494 823 3548 et
846 3495 1010 3566 tempore,
1027 3487 1188 3567 imprimis
1212 3487 1270 3550 ab·

151 3575 278 3639 stratta
294 3597 313 3639 a
329 3597 481 3658 persona.

214 3669 400 3751 Dispositio
416 3672 449 3733 in
465 3672 617 3734 ordinem
630 3692 683 3734 :-

383 3830 403 3881 1.
429 3830 500 3886 ouon
512 3831 586 3882 tomo
603 3845 652 3883 non
669 3830 707 3883 sit
720 3831 793 3883 homo
811 3846 843 3883 or
861 3834 950 3890 formu,
963 3800 1013 3884 red
1028 3848 1060 3885 or
1077 3833 1140 3885 bonu
1157 3838 1186 3886 ot
1210 3850 1272 3889 roro

479 3896 550 3963 apud
558 3897 636 3954 illum,
649 3911 697 3949 seu
708 3898 777 3964 quod
790 3897 865 3955 idem,
878 3913 910 3950 er
924 3901 1052 3951 voluntate
1064 3904 1092 3951 et
1101 3900 1244 3954 intellectu.

379 3992 407 4044 2.
433 3991 504 4047 Orod
513 3992 573 4109 idrag
580 3992 670 4045 bonum
681 3997 708 4045 et
720 4008 806 4045 rerum
816 3994 886 4060 apud
895 3994 1019 4047 hominem
1028 3995 1066 4048 ait
1072 3995 1217 4063 proximus,
1227 3997 1273 4068 qui

478 4073 554 4111 aman
572 4073 611 4111 uo.

379 4142 407 4196 3.
432 4143 503 4199 Orod
517 4145 591 4211 quale
605 4144 716 4210 proximi
724 4144 761 4197 sit
770 4145 911 4197 secundum
922 4148 998 4213 quale
1014 4146 1073 4199 toni
1088 4151 1115 4200 ot
1126 4148 1183 4200 rori
1198 4151 1274 4218 apud

478 4209 610 4268 hominem,
622 4225 670 4263 sau
682 4211 765 4278 qualis
776 4211 850 4263 homo
862 4211 922 4264 tulis
931 4213 1073 4278 proximus.

377 4302 403 4357 4.
428 4303 500 4361 Quod
511 4305 611 4372 prunus
625 4304 737 4382 prou'mi
753 4305 791 4358 rit
811 4306 951 4358 secundum
965 4308 1066 4375 prudur
1087 4307 1148 4361 toni
1161 4313 1192 4362 ot
1216 4309 1273 4367 mi

477 4370 548 4437 apud
562 4371 685 4423 hommem
692 4387 702 4429 ,·
717 4371 824 4438 proinde
841 4373 910 4439 quod
924 4388 974 4426 non
997 4389 1064 4427 unua
1085 4374 1160 4428 nomo
1181 4376 1224 4431 sit
1243 4378 1272 4432 iu

476 4435 555 4490 simili
567 4438 651 4504 φυάν
666 4437 797 4504 proximus
814 4442 845 4489 ut
858 4440 932 4492 atur.
