2776 5040
417 452 594 505 CANONES
617 452 745 505 NOVAE
768 455 985 508 ECCLESIAE.

261 617 362 701 Quod
382 620 531 685 Trinitas
550 623 726 685 nominata
744 623 789 687 sit
806 643 827 686 a
846 622 1016 701 Domino;

260 713 361 795 Quod
381 714 531 778 Trinitas
553 718 746 798 apparuerit
769 736 846 780 cum
870 717 1036 781 Dominus
1053 718 1218 800 baptizatur

343 818 416 885 est3

260 900 362 982 Quod
375 904 443 966 sint
453 909 473 935 ⁴¹
483 912 553 967 tres
564 905 620 986 qui
633 903 861 967 testificantur
872 906 905 968 in
919 905 1028 979 caele,
1040 905 1147 979 Pater,
1154 903 1221 966 Ver·
1284 906 1287 933 ¹

344 997 436 1071 binn,
455 1007 491 1060 et
510 997 653 1080 Spiritus
673 997 817 1063 Sanctus
830 999 856 1075 ;”

262 1088 363 1172 Quod
375 1091 529 1173 jehovah
544 1093 636 1157 Deus
651 1094 787 1168 dixerit,
801 1093 1010 1156 “Faciamus
1027 1093 1190 1157 hominem
1202 1093 1226 1154 in

343 1187 526 1268 imaginem
546 1197 581 1251 et
600 1188 854 1251 similitudinem
874 1198 1027 1252 nostram
1041 1189 1068 1267 ;'’

262 1276 363 1360 Quod
383 1300 497 1344 coram
517 1281 718 1345 Abrahamo
735 1292 806 1346 tres
824 1282 949 1364 angeli,
963 1284 1019 1366 qui
1038 1284 1151 1346 vocati
1168 1291 1230 1344 sunt

343 1374 509 1456 Jehovah,
527 1378 743 1458 apparuerint
756 1399 763 1454 ;

261 1466 363 1548 Quod
383 1469 423 1530 in,
433 1469 550 1532 Verbo
562 1471 702 1544 Novo,a
721 1471 870 1534 Domino
887 1471 978 1552 apud
998 1470 1233 1553 Evangelr'stas.

344 1572 380 1625 et
396 1563 440 1624 ab
456 1563 622 1645 apostolis
637 1565 670 1626 in
686 1562 862 1644 Epr'stolis,
876 1564 1056 1629 multoties
1073 1568 1236 1630 nominen-

344 1665 401 1719 tur
423 1655 533 1729 Pater,
559 1656 673 1732 Filius,
695 1667 731 1721 et
755 1656 898 1740 Spiritus
920 1657 1083 1735 Sanctus,
1103 1670 1138 1724 et
1160 1659 1238 1743 quod

345 1750 390 1812 ibi
409 1770 477 1813 non
497 1750 628 1814 dicatur
646 1752 736 1834 quod
756 1772 858 1815 unum
877 1754 957 1816 sint.

263 1900 350 1964 Tum
374 1902 464 1984 quod
487 1901 570 1965 fides
593 1904 795 1985 imputativa
818 1905 928 1967 meriti
948 1903 1089 1980 Christi,
1107 1916 1144 1969 et
1162 1905 1241 1989 quod

345 1997 429 2060 haec
446 1995 530 2060 fides
546 1999 642 2061 unice
659 1997 808 2061 salvifica
824 2000 866 2062 sit
880 2020 888 2076 ;
911 2008 948 2062 et
964 2000 1057 2081 quod
1074 2000 1242 2063 charitatis

346 2110 448 2173 opera
460 2091 503 2153 ad
516 2091 662 2154 salutern
676 2111 744 2154 non
756 2093 962 2155 conducant.
996 2092 1150 2157 Accedit
1162 2093 1243 2177 quod

346 2204 443 2247 mens
461 2186 668 2248 ratiocinans
688 2184 754 2247 illis
777 2186 884 2267 possit
907 2186 1035 2250 addere
1059 2207 1139 2250 suas
1161 2206 1243 2268 sym·

346 2278 454 2353 boias,
474 2288 509 2342 et
528 2278 746 2342 constabilire
765 2279 832 2343 illa.

203 2437 230 2503 5.
261 2420 361 2503 Quod
393 2422 450 2484 illa
477 2424 590 2485 omnia
616 2434 652 2486 et
681 2423 815 2503 singula
842 2442 909 2485 non
938 2423 1072 2505 possint
1100 2435 1139 2487 ut
1168 2423 1244 2486 salsa

347 2517 461 2590 videri,
479 2527 514 2579 et
531 2519 577 2580 sic
594 2518 757 2598 dissipari,
773 2518 834 2579 nisi
851 2519 938 2579 ratio
955 2516 1129 2580 illustrata
1145 2540 1164 2581 a
1180 2519 1243 2580 Do·

348 2612 439 2672 mino
453 2631 511 2692 per
524 2610 674 2673 Verbum
687 2610 865 2673 confirmet
878 2611 968 2692 quod
987 2611 1081 2674 Deus
1094 2633 1178 2674 unus
1194 2614 1243 2685 sit,

347 2715 381 2766 et
401 2705 491 2785 quod
511 2703 703 2784 conjunt'tio
721 2704 898 2766 charitatis
917 2717 952 2767 et
972 2704 1050 2768 fidei
1070 2708 1125 2768 sit.

199 2797 229 2860 6.
261 2796 362 2879 Quod
382 2818 456 2860 cum
477 2800 525 2861 ita
543 2798 591 2871 fit,
610 2809 727 2879 pateat
748 2798 838 2861 clare
861 2798 950 2879 quod
976 2798 1155 2881 theologia
1176 2799 1243 2861 lun·

347 2893 429 2955 data
452 2914 551 2973 super
574 2894 727 2954 trinitate
752 2912 981 2973 personarum,
1001 2912 1143 2974 quarum
1168 2914 1242 2956 una·

348 2989 485 3069 quaevis
502 2997 554 3048 est
575 2987 677 3058 Deus,
695 2997 730 3048 et
747 3007 846 3066 super
863 2985 928 3048 fide
944 2990 1164 3069 appropriata
1180 2988 1242 3049 cui·

347 3083 397 3142 vis
417 3081 624 3161 singulatim,
646 3090 680 3142 et
704 3101 802 3160 super
821 3079 998 3142 charitatis
1023 3081 1117 3143 nullo
1136 3081 1243 3143 valore

347 3175 565 3246 adsalutem,
586 3173 811 3236 falsificaverit
831 3183 942 3236 totum
963 3174 1136 3252 Verbum;
1160 3176 1242 3256 prin·

349 3269 503 3350 cipaliter
519 3271 595 3350 quia
611 3268 695 3330 haec
713 3270 787 3342 tria,
806 3268 908 3341 Deus,
926 3268 1087 3344 charitas,
1105 3281 1139 3333 et
1156 3270 1241 3341 fides,

348 3364 445 3425 simul
463 3374 542 3425 sunt
559 3363 758 3425 universalia
775 3362 956 3443 religionis,
975 3364 1018 3425 ad
1035 3385 1122 3445 quae
1138 3366 1243 3427 omnia

348 3468 383 3521 et
407 3459 539 3539 singula
559 3458 673 3533 Verbi,
694 3469 729 3519 et
752 3458 830 3519 inde
853 3457 937 3519 caeli
961 3467 996 3521 ct
1016 3458 1192 3532 ecclesiae,
1210 3477 1242 3520 se

348 3553 506 3616 referunt.

203 3735 230 3796 7.
264 3719 347 3782 Inde
371 3718 514 3782 resultat
545 3718 609 3781 hoc
641 3737 789 3790 enorme,
813 3717 903 3798 quod
928 3717 1157 3792 confirmator,
1177 3717 1241 3780 ubi·

139 3834 269 3896 cunque
293 3815 377 3895 legit
402 3815 546 3883 Patrem,
567 3825 625 3874 aut
650 3812 782 3884 Filium,
807 3824 864 3873 aut
889 3811 1050 3893 Spiritum
1077 3812 1241 3883 Sentium,

140 3911 243 3970 immo
259 3910 447 3990 ubicunque
465 3909 548 3988 legit
561 3907 715 3987 Jehovah
729 3918 763 3969 et
779 3906 898 3979 Deum,
914 3910 1046 3988 cogitet
1064 3919 1133 3971 tres
1147 3909 1241 3978 Deos,

139 4005 216 4084 quia
235 4022 336 4064 unum
357 4024 400 4065 ex
421 4004 548 4078 tribus;
573 4012 644 4064 tum
669 4003 856 4082 ubicunque
877 4001 960 4081 legit
985 4001 1098 4076 fidem,
1119 4004 1242 4084 cogitet

139 4117 206 4159 non
223 4096 323 4159 aliam
340 4116 440 4178 quarn
458 4098 694 4177 imputativam
711 4097 821 4158 meriti
838 4094 984 4170 Christi;
1009 4106 1044 4158 et
1062 4097 1242 4178 ubicunque

50 4195 55 4207 “
139 4192 222 4272 legit
246 4194 459 4262 charitatem,
484 4192 614 4272 cogitet
639 4190 731 4252 illam
755 4210 822 4252 non
850 4189 975 4271 aliquid
1000 4186 1178 4254 ¹¹¹conferre
1205 4189 1243 4251 ad

138 4286 293 4360 salutem,
319 4296 376 4348 aut
405 4285 481 4348 loco
511 4285 580 4366 ejus
607 4285 700 4347 illam
728 4284 837 4347 fidem.
894 4284 1118 4349 Confirmatio
1145 4283 1241 4349 semel

138 4382 267 4444 imbuta
286 4381 351 4444 hoc
369 4400 483 4443 secum
501 4381 573 4442 lert.
