2776 5040
184 514 319 567 NOVUM
341 514 496 566 CAELUM
520 514 567 564 ET
590 514 724 566 NOVUM
747 515 1037 568 montinum-N.
1058 502 1104 566 16.
1163 517 1202 586 25

134 688 227 770 apud
245 686 409 750 Petrum:

132 849 150 870 ‘⁸
159 830 254 896 Novos
266 846 355 894 caelos
367 854 393 893 et
406 859 504 893 novam
518 853 616 893 terram
628 843 704 906 juxta
716 843 923 906 promissionem
950 839 1051 909 Ipsius]
1064 840 1203 908 exepediti-

213 926 282 969 mus,
296 912 323 959 in
336 912 431 975 quibus
442 910 546 973 justitia
557 908 708 959 habitabit”
721 911 746 971 (a
758 909 842 974 Epist.
857 909 895 959 iii.
908 922 938 970 13
951 945 957 961 .

117 1063 260 1129 actenus
279 1083 346 1126 non
366 1063 464 1126 aliter
487 1064 520 1124 in
539 1061 678 1143 alicujus
696 1073 847 1125 mentem
866 1063 971 1137 venit,
990 1082 1092 1147 quam
1111 1064 1201 1145 quod

115 1181 140 1224 :r
160 1157 344 1223 “caelum”
363 1158 407 1220 ibi
429 1157 642 1238 intelligatur
660 1157 791 1220 caelum
810 1155 1028 1239 aspediabile,
1048 1157 1112 1220 hoc
1136 1168 1200 1231 est,

115 1265 193 1319 tum
217 1253 476 1326 firmamentum,
500 1271 576 1314 cum
600 1250 683 1327 sole,
707 1250 797 1325 luna,
820 1252 939 1330 astris;
972 1260 1007 1314 et
1030 1252 1120 1333 quod
1143 1271 1203 1333 per

115 1444 171 1506 rod
188 1444 273 1506 haec
286 1443 341 1504 die
353 1440 475 1506 Ultimi
489 1441 608 1522 Judicii
624 1442 800 1504 interitura
813 1442 900 1503 sint:
925 1460 1000 1504 cum
1013 1450 1129 1503 tamen
1142 1459 1201 1521 per

115 1536 266 1600 caelum”
288 1536 332 1599 ibi
355 1535 555 1616 intelligitur
578 1535 708 1599 caelum
731 1535 932 1617 angelicum,
956 1545 992 1598 et
1019 1555 1078 1617 per
1102 1540 1200 1597 “ter-

115 1650 153 1695 m
161 1631 177 1656 ”
195 1630 359 1694 Ecclesia.
405 1628 505 1711 Quod
528 1650 587 1712 per
607 1635 626 1662 “
638 1640 762 1693 terram
771 1631 786 1655 ’⁹
805 1632 838 1692 in
857 1629 974 1693 Verbo
997 1629 1200 1710 Prophetico

115 1723 188 1786 >ivis
218 1723 430 1803 intelligatur
459 1722 625 1798 Ecclesia,
657 1726 689 1787 in
719 1723 928 1806 Apocalypsi
955 1723 1117 1787 Revelato
1151 1722 1199 1807 (n.

115 1814 158 1899 ῖς)
179 1816 279 1899 plene
294 1828 468 1880 ostensum
487 1829 550 1880 est.
595 1817 706 1882 Causa
724 1820 814 1902 quod
833 1839 892 1900 per
909 1819 1050 1882 “caelos
1069 1839 1176 1883 novos
1185 1819 1200 1844 ”

148 1917 306 1975 “terram
340 1930 463 1974 novam
476 1911 491 1936 ”
521 1909 684 1976 habienus
716 1913 949 1977 intellexerint
982 1914 1113 1978 caelum
1145 1935 1199 1978 as-

115 2004 249 2070 ediabile
279 2016 314 2070 et
343 2016 469 2069 terram
499 2007 730 2083 habitabilem,
758 2018 810 2072 est
836 2009 914 2091 quia
940 2006 1103 2073 haetenus
1130 2029 1198 2073 non

117 2102 241 2165 iverint
270 2101 395 2183 aliquid
428 2101 471 2164 de
501 2102 628 2165 mundo
657 2102 831 2184 spirituali,
862 2104 910 2166 ita
939 2123 1001 2167 nec
1032 2104 1074 2166 de
1103 2104 1199 2167 caelo

115 2196 247 2278 rgelic0,
268 2216 329 2259 nec
351 2195 475 2277 aliquid
494 2195 537 2258 de
555 2216 655 2259 sensu
678 2197 889 2279 prophetico,
909 2199 965 2281 qui
987 2197 1020 2260 in
1043 2199 1115 2260 sinu
1139 2219 1199 2262 suo

115 2311 150 2354 >n
170 2291 231 2353 nisi
254 2308 354 2372 quam
377 2289 560 2370 spiritualia
578 2301 693 2372 gestat
715 2301 751 2355 et
774 2292 946 2370 recondit;
969 2311 1009 2355 ac
1028 2292 1199 2372 spirituale

115 2396 223 2449 terrae
233 2383 249 2409 ”
278 2393 332 2446 est
365 2383 529 2447 Ecclesia.
596 2383 725 2466 Angeli
757 2387 871 2461 etiam,
902 2385 980 2469 quia
1010 2385 1199 2467 spirituales

115 2490 170 2555 int,
191 2498 267 2542 cum
287 2478 476 2559 despiciunt
499 2480 532 2541 in
548 2488 692 2555 terram,
713 2500 755 2544 ne
774 2480 879 2545 hilum
902 2480 971 2563 ejus
989 2481 1118 2555 vident,
1138 2481 1199 2543 sed

116 2575 186 2637 odo
205 2572 396 2636 Ecclesiam
415 2572 503 2654 apud
522 2573 687 2638 homines.

144 2684 211 2752 15.
241 2666 342 2748 Quod
359 2667 524 2730 Dominus
534 2667 690 2748 Jehovih,
704 2688 780 2733 cum
796 2669 912 2732 condit
929 2667 1059 2732 caelum
1074 2686 1199 2731 novum

140 2762 331 2826 Ecclesiam
351 2781 484 2835 novam,
505 2762 601 2824 indat
625 2763 776 2825 ordinem
800 2773 837 2825 ut
860 2772 953 2825 stent
976 2763 1038 2824 sub
1056 2782 1117 2825 suo
1139 2782 1198 2824 au·

115 2856 187 2919 »icio
216 2865 252 2919 et
282 2875 341 2917 sua
371 2855 563 2918 obedientia
596 2856 629 2917 in
662 2866 847 2932 aeternum,
878 2866 931 2920 est
961 2857 1039 2939 quia
1067 2854 1198 2919 caelum

115 2948 272 3032 rgelicum
291 2959 326 3013 et
345 2948 500 3012 Ecclesia
519 2951 551 3011 in
571 2951 668 3013 terris
686 2951 810 3015 iaciunt
829 2951 926 3014 simul
948 2971 1050 3014 unum
1066 2970 1197 3033 corpus,

115 3045 174 3126 rjus
197 3044 323 3107 Anima
348 3053 383 3107 et
407 3043 490 3107 Vita
513 3054 566 3107 est
594 3044 759 3108 Dominus
779 3045 934 3127 jehovih,
964 3047 1019 3128 qui
1046 3054 1098 3108 est
1127 3045 1198 3108 Do·

116 3141 191 3202 inus
210 3148 325 3201 noster
340 3136 506 3202 Salvator.
552 3138 755 3218 Universum
774 3140 904 3203 caelum
923 3138 1113 3221 angelicum
1133 3160 1199 3203 una

115 3253 158 3296 rm
188 3232 343 3296 Ecclesia
371 3233 475 3296 etiam
505 3253 619 3296 coram
650 3234 797 3298 Domino
826 3243 967 3317 apparet
997 3236 1083 3298 sicut
1114 3254 1198 3297 unus

115 3347 207 3404 >mo;
244 3336 280 3390 et
312 3328 416 3391 homo
446 3337 516 3391 stat
549 3329 611 3391 sub
643 3330 793 3410 auspicio
825 3337 860 3392 et
893 3329 1086 3392 obedientia
1118 3350 1198 3393 suae

115 3423 235 3498 rimae3
259 3422 306 3484 ita
324 3430 435 3485 totum
454 3423 585 3485 caelum
609 3443 675 3486 una
697 3441 772 3486 cum
795 3421 950 3486 Ecclesia
970 3424 1032 3486 sub
1050 3425 1199 3505 auspicio

115 3570 117 3577 ,
136 3516 332 3580 obedientia
350 3516 498 3593 Domini,
517 3528 570 3581 est
590 3519 678 3581 enim

132 3672 265 3797 Domipps
275 3673 367 3799 illinis
379 3684 406 3723 et
417 3674 455 3723 illi
468 3674 495 3722 in
510 3673 628 3723 Domino
637 3673 712 3739 (Joh.
724 3675 777 3727 xiv.
789 3688 837 3734 20;
854 3690 912 3737 cap.
923 3691 967 3725 xv.
978 3689 1002 3737 ⁴·
1015 3687 1045 3736 ες
1064 3690 1122 3737 cap.
1133 3676 1196 3725 xvii.

248 3751 281 3795 ,ἲ
310 3776 316 3797 2

115 3880 290 3949 somnisi¹¹
311 3885 345 3947 in
368 3883 523 3946 omnibus
545 3883 600 3945 ibi.
654 3880 749 3946 Ordo
771 3892 885 3946 autem
910 3899 1010 3963 quem
1033 3879 1199 3942 Dominus

116 3980 212 4042 ducit
234 3978 373 4052 inferno,
395 3987 448 4041 est
471 3987 508 4040 ut
532 3974 644 4040 cuncti
666 3978 710 4040 ibi
733 3997 752 4040 e
775 3977 941 4039 diametro
963 3973 1109 4056 oppositi
1131 3973 1199 4036 sint

114 4071 212 4137 metis
230 4073 262 4135 in
279 4071 393 4135 caelo:
418 4071 507 4134 unde
523 4080 619 4152 patet
635 4069 725 4153 quod
741 4071 818 4153 quia
837 4069 1001 4132 Dominus
1016 4067 1105 4149 regit
1120 4086 1198 4130 cae·

118 4186 151 4231 m
169 4168 272 4231 etiam
291 4176 388 4248 regat
407 4165 581 4238 infernum,
601 4174 636 4228 et
655 4164 744 4247 quod
764 4165 829 4227 hoc
848 4183 907 4244 per
923 4162 1015 4225 illud.

146 4261 216 4326 16.
246 4262 424 4324 Praeterea
449 4269 502 4323 est
529 4256 771 4342 perietiissima
796 4256 963 4319 ordinatio
989 4255 1138 4319 omnium
1165 4256 1198 4318 in

115 4356 186 4420 telis
215 4365 250 4419 et
280 4355 430 4418 omnium
462 4354 496 4416 in
529 4353 675 4416 infernis.
734 4348 921 4432 Quodlibet
950 4350 1039 4413 enim
1068 4347 1198 4413 caelum

115 4450 174 4515 rod
197 4469 218 4513 a
241 4449 390 4513 Domino
413 4457 492 4531 post
511 4446 838 4511 consummationem
858 4443 1002 4527 cujusvis
1025 4441 1199 4507 Ecclesiae
