2776 5040
421 831 744 883 PRAEFATIUNCULA
768 831 945 882 EDITORIS.

114 1114 144 1165 Iu
155 1114 206 1165 bae
218 1127 343 1179 compage
354 1113 443 1163 collatu
455 1123 510 1164 sunt
521 1114 649 1180 sequentia
655 1133 697 1162 :—
788 1113 791 1121 '

349 1243 371 1282 r.
398 1231 567 1281 Prorosumo
581 1243 670 1294 nujus
684 1231 862 1289 Arruumcus,
879 1243 914 1281 ur
928 1240 1013 1280 narro
1028 1241 1237 1281 couruuronuu

446 1308 518 1357 ειυς.

348 1394 371 1433 a.
396 1382 600 1433 Aneuummu
625 1382 782 1432 Conourors
807 1394 855 1433 sau
881 1381 1050 1432 Aeruunrcrs
1073 1392 1113 1432 nn
1135 1380 1237 1432 vunnu

447 1447 646 1497 Cuursrmunu
662 1448 849 1497 Ranrmounu.

347 1546 371 1594 3.
396 1533 557 1591 Summum,
573 1545 622 1583 SEU
635 1545 711 1583 ORDO
726 1545 761 1583 ET
775 1544 929 1583 mseostnto
940 1543 1037 1582 ornatu
1052 1542 1202 1582 PROPOSITI.

345 1636 369 1684 4.
396 1622 520 1673 Coaoms
538 1635 587 1673 suu
603 1623 749 1673 Anrnuurx
766 1634 805 1672 nn
818 1622 921 1673 vunnu
939 1621 1139 1673 Cunusrmumt
1158 1621 1227 1671 Rnur

447 1701 563 1738 eiouru.

347 1786 370 1835 5.
397 1774 546 1824 Iuvmnmo
560 1787 599 1824 nn
614 1773 719 1824 Novum
734 1774 901 1825 Eccursmu.

347 1861 371 1911 6.
398 1860 597 1911 aneueuruu
612 1873 649 1910 ua
664 1859 830 1910 Minncuurs.

165 1991 333 2041 Pnoeosrmo
353 1990 530 2048 Annuuorms,
552 2001 587 2039 nr
607 2001 694 2038 aurio
713 2000 921 2039 counnu‘ronuu
942 2000 1011 2049 mus,
1030 2003 1062 2038 ex
1081 2002 1157 2054 opere
1176 1988 1238 2037 Vera

120 2056 267 2118 Chmstibrm
280 2066 410 2130 Religione
420 2065 552 2130 appellato,
564 2064 620 2114 loco
633 2064 802 2123 Praesauonis,
814 2064 846 2114 ab
859 2064 960 2115 Editore
971 2071 1028 2114 sunt
1038 2061 1167 2114 eolled‘tae.

166 2141 283 2208 Reliqua,
296 2141 471 2190 Fanouauro
488 2153 525 2191 nr
543 2142 701 2192 ancunts
718 2141 799 2191 solum
816 2149 929 2207 excepto,
940 2156 991 2190 nou
1008 2156 1040 2191 ex
1056 2140 1111 2206 ipso
1122 2138 1239 2191 Audieris

117 2218 289 2283 chirographo,
300 2217 345 2267 sed
356 2216 437 2266 solum
448 2233 463 2267 e
475 2218 575 2267 vetustis
587 2218 715 2283 exemplis,
727 2217 801 2267 edere
812 2218 945 2283 potuimus.

165 2295 368 2344 Aaouuuuruu
386 2294 540 2344 Conourms
557 2306 607 2344 sau
624 2295 793 2344 Areuuorcrs
804 2309 836 2344 ex
847 2294 990 2359 apographo
1001 2292 1106 2358 Augusti
1124 2292 1238 2343 Norden·

115 2370 219 2421 aooeldii
237 2384 296 2420 cura
312 2369 434 2435 descripto
449 2371 544 2420 damus.
581 2371 639 2421 Hoc
651 2373 841 2436 Argumentum,
853 2386 884 2420 ex
902 2371 992 2420 eodem
1003 2378 1099 2420 vetusto
1115 2368 1239 2433 exemplo,

115 2447 222 2513 primum
239 2446 318 2497 edidit
334 2447 380 2496 Dr.
393 2447 441 2495 Im.
454 2446 539 2507 Taiel;
558 2447 670 2497 videntur
687 2449 813 2496 Diarium
831 2448 978 2512 Spin‘tuale,
995 2462 1051 2512 ραις
1067 2445 1180 2512 septima,
1197 2446 1238 2495 ed.

117 2523 190 2586 1846,
203 2539 259 2588 pag.
274 2526 333 2583 1603
351 2522 481 2572 videantur
491 2523 566 2573 etiam
578 2525 659 2573 Billa
671 2525 822 2582 Probontia,
834 2523 874 2573 ed.
889 2523 960 2587 1845,
973 2539 1029 2588 pag.
1042 2536 1066 2588 3.

165 2601 328 2659 Summum,
339 2614 383 2649 seu
395 2599 508 2648 ordinem
520 2607 545 2649 et
556 2598 742 2664 dispositionem
754 2599 842 2664 operis,
854 2614 885 2649 ex
896 2600 1040 2664 apographo
1052 2599 1157 2664 Augusti
1175 2600 1238 2650 Nor·

115 2675 746 2741 denseoeldiicuradescripto,similiteraccepimus.
783 2676 854 2725 Haec
862 2690 970 2741 quoque,
978 2691 1009 2726 ex
1018 2675 1239 2741 eodemexemplo,

114 2769 129 2803 e
142 2754 187 2802 Dr.
200 2753 247 2802 im.
258 2751 331 2802 Tafel
347 2751 453 2816 primum
466 2752 532 2801 edita
542 2760 612 2811 sunt;
630 2753 744 2802 videatur
755 2753 882 2801 Dian'um
895 2754 1043 2817 Spirituale,
1054 2767 1110 2817 ραις
1126 2752 1239 2817 septima,

115 2829 155 2879 ed.
170 2828 244 2891 1846,
255 2845 312 2894 pag.
327 2831 454 2892 163-169;
472 2835 524 2878 tum
536 2828 757 2887 Adnotatiuncula,
768 2845 825 2894 pag.
840 2844 863 2880 1.

163 2906 234 2971 Opus
246 2906 336 2970 ipsum,
349 2906 519 2956 Conournsu
536 2918 587 2954 sau
599 2906 782 2955 Anrsumcnu
795 2919 834 2955 nn
847 2906 951 2955 Vuauu
968 2906 1168 2956 Cunrsrmunu
1187 2906 1239 2955 Ru·

115 2993 261 3041 ulutountt,
277 2982 310 3031 ab
326 2980 427 3032 audiore
443 2997 571 3047 nunquam
587 2983 620 3031 ad
638 2982 712 3031 finem
728 2981 856 3047 perreium
874 2998 936 3042 esse,
953 2983 1056 3032 minime
1073 2991 1109 3033 est
1126 2982 1238 3032 dubium.

115 3059 315 3109 Fundamentum
332 3058 448 3108 editionis
464 3066 562 3107 nostrae
579 3058 626 3109 fuit
642 3058 718 3109 editio
729 3075 802 3125 quae,
814 3075 881 3109 anno
900 3059 972 3122 1780,
984 3059 1103 3120 londini,
1114 3059 1140 3108 in
1158 3059 1239 3110 lucem

115 3135 217 3202 prodiit.

164 3211 207 3261 Ad
220 3218 327 3260 nostram
339 3211 473 3261 editionem
489 3213 685 3262 Iuvmnmours
702 3224 741 3263 nu
759 3212 864 3262 Novnu
883 3213 1041 3262 Eccursmu
1058 3212 1239 3270 edomandum,

115 3287 178 3337 binis
196 3287 377 3353 exemplaribus
395 3288 511 3354 (quorum
529 3303 605 3337 unum
618 3290 731 3354 Augusto
749 3288 972 3349 Nordenscoeldio,
983 3288 1087 3338 alterum
1099 3289 1239 3339 christiam

115 3366 248 3432 Johansen,
255 3364 387 3429 ascriptum
397 3366 443 3429 est)
453 3365 490 3414 usi
499 3380 591 3415 sumus.
621 3366 667 3415 Dr.
676 3367 724 3416 Im.
732 3365 814 3426 Taiel,
822 3365 848 3414 in
855 3382 899 3414 sua
906 3365 1024 3424 editione,
1032 3365 1240 3415 Nordenscoeldii

115 3440 256 3507 exemplum
265 3440 422 3506 sequebatur,
442 3442 555 3492 videatur
564 3443 689 3492 Durium
700 3445 848 3507 Spirituale,
858 3458 913 3507 ραις
925 3442 1036 3507 septima,
1046 3442 1086 3492 ed.
1098 3441 1171 3504 1846,
1180 3459 1236 3508 pag.

114 3521 237 3580 142-160·
272 3517 393 3582 Ubiquea
403 3525 471 3567 textu
480 3517 688 3567 Nordenscoeldii
696 3518 827 3578 abivimus,
838 3534 890 3567 rem
899 3517 1031 3583 diligenter
1039 3517 1237 3582 significavimus.

164 3594 341 3658 Fragmentum
359 3594 403 3643 Du
421 3594 579 3644 Minncuuls
595 3594 703 3659 benigne
720 3595 791 3644 nobis
808 3595 976 3645 commodavit
993 3595 1039 3644 Dr.
1058 3595 1090 3644 R.
1108 3594 1138 3644 L.
1150 3595 1237 3650 Taren

115 3670 245 3720 videantur
261 3669 337 3734 ipsius
355 3669 523 3730 Documenta,
537 3686 593 3736 pars
609 3671 727 3729 secunda,
739 3687 796 3735 pag.
810 3682 866 3734 759.
904 3671 962 3720 Hoc
979 3670 1152 3736 fragmentum,
1163 3687 1238 3719 manu

115 3744 220 3797 rudioris
232 3746 359 3811 scriptum,
371 3746 454 3797 adhuc
465 3746 491 3795 in
503 3747 641 3796 Academia
653 3747 733 3811 Regia
745 3748 907 3799 Scientiarum
926 3747 1069 3797 Holmiensi
1083 3747 1237 3805 adservatum

115 3823 161 3872 boc
177 3822 253 3872 Vtrae
266 3822 427 3872 Christianae
438 3823 585 3889 Religioni,
597 3839 621 3873 n.
635 3823 692 3887 695,
704 3823 813 3873 futurum
825 3838 886 3884 esse,
898 3822 993 3875 eudiori
1004 3825 1065 3873 dum
1076 3823 1199 3874 scribebat
1213 3824 1239 3873 in

115 3898 200 3948 animo
211 3905 272 3949 erat.

161 3975 259 4026 Veteris
270 3974 421 4026 Testamenti
439 3974 558 4026 Hebraici
570 3976 690 4041 capitibus
702 3984 727 4027 et
737 3977 857 4038 versibus,
869 3977 1033 4043 Anglioorum
1045 3977 1182 4027 Bibliorum
1193 3992 1237 4027 nu·

115 4066 201 4112 meros,
211 4050 255 4101 ubi
266 4050 330 4101 inter
340 4066 367 4101 se
380 4051 527 4118 discrepant,
540 4053 682 4118 hujusmodi
694 4053 764 4103 uncis
778 4054 790 4122 [
802 4053 814 4121 ]
829 4053 946 4114 inclusos,
958 4053 1124 4120 apposuimus.

795 4185 915 4228 smila
931 4187 959 4229 H.
975 4187 1160 4230 Woncusrnn.

167 4258 339 4307 Bubonem.
348 4258 424 4307 ΜΑςι,
433 4260 502 4306 Mar..
513 4261 566 4302 itte
