2776 5040
132 448 176 513 66
406 461 583 514 canonas
604 462 736 518 novas
757 462 978 514 accensus

132 631 244 715 eloqui
263 631 352 694 sicut
370 632 547 713 cogitant;
572 641 653 695 tunc
672 633 751 715 quia
765 632 936 714 cogitatio
953 641 990 695 et
1010 629 1146 714 loquela
1163 627 1238 711 apud

133 723 211 788 illos
228 725 284 808 qui
303 725 336 787 in
356 726 483 788 mundo
498 725 663 808 spirituali
683 745 786 789 unum
800 735 922 809 agunt,
938 725 1148 815 eloquuntur
1161 723 1240 786 clara

50 828 57 842 ’
133 838 217 882 voce
233 828 303 881 tres
317 818 414 881 Deos.
459 818 549 882 Dum
565 818 705 883 ulterius
721 820 979 901 interrogantur
994 819 1039 882 de
1057 818 1119 882 illa
1135 817 1240 887 fide,-

133 933 214 976 num
232 914 344 976 sciunt
363 913 498 994 signum
517 912 687 994 ejusdum
706 915 824 989 intrat,
842 924 878 977 et
898 932 979 976 num
1003 915 1142 995 signum
1162 911 1241 995 quod

133 1007 488 1089 insin-respondent,
514 1006 635 1088 “Quid
660 1016 715 1071 est
741 1009 877 1089 signtnn
903 1007 1014 1070 scire?
1059 1007 1171 1070 Estne
1193 1005 1243 1068 ssle

132 1120 178 1164 ex
200 1100 430 1182 beneplacito,
449 1121 495 1164 ex
518 1099 687 1165 elettione
710 1100 799 1165 illius
821 1102 920 1164 unius
943 1101 1022 1174 Del,
1042 1108 1080 1164 et
1102 1100 1186 1163 nihil
1205 1120 1243 1164 ex

133 1193 270 1259 homine
286 1194 333 1258 illi
349 1195 543 1258 immixtum
556 1206 609 1259 est
622 1195 652 1257 ?''
695 1195 786 1258 Dum
801 1197 1061 1276 interrogantur
1073 1213 1155 1256 num
1170 1193 1244 1256 fides

132 1287 324 1371 illa,-quia
339 1288 513 1370 applicata
528 1290 647 1363 tribus,
665 1299 701 1353 et
717 1291 764 1352 sic
781 1291 814 1352 in
831 1299 902 1352 tres
920 1289 1027 1363 Deos,
1041 1298 1079 1352 et
1095 1289 1197 1352 bomo
1216 1288 1244 1348 in

133 1381 285 1463 plenaria
313 1383 507 1465 ignorantia
536 1383 579 1446 de
606 1383 665 1446 illa
691 1385 847 1456 est,-sit
874 1383 1012 1466 aliquid,
1042 1382 1245 1465 respondent

132 1476 223 1560 quod
247 1497 315 1540 non
339 1477 445 1540 modo
465 1478 511 1540 sit
533 1477 672 1559 aliquid,
691 1475 753 1540 sed
775 1496 879 1540 omne
900 1476 1072 1540 ecclesiae
1093 1486 1131 1540 et
1154 1495 1246 1539 omne

134 1570 264 1634 salutis.
309 1569 344 1634 Si
360 1571 616 1652 interrogantur
627 1589 708 1634 num
726 1572 771 1633 sit
788 1570 969 1653 possibilis,
982 1570 1028 1633 ad
1044 1570 1112 1633 hoc
1132 1570 1246 1632 rident.

134 1664 187 1729 De
213 1665 382 1728 charitate
404 1663 613 1747 respondent
636 1665 726 1746 quod
750 1666 795 1728 sit
818 1664 873 1727 ubi
899 1664 960 1728 illa
979 1663 1078 1738 tides,
1104 1672 1141 1726 et
1164 1661 1246 1745 quod

133 1757 177 1820 ab
195 1757 259 1821 hac
279 1759 322 1821 sit
340 1769 498 1840 separata
512 1769 549 1821 et
566 1760 782 1840 inseparata,
806 1768 842 1822 et
861 1758 953 1841 quod
972 1759 1021 1822 sic
1040 1758 1084 1820 ad
1105 1756 1246 1820 salutem

134 1852 298 1928 conferat,
315 1862 350 1916 et
370 1872 438 1915 non
457 1852 621 1915 conserat.

199 1961 225 2027 5.
257 1947 347 2009 Dum
362 1947 437 2009 laici
453 1947 709 2028 interrogantur
724 1946 768 2010 de
782 1946 868 2020 Deo,
879 1946 923 2010 de
938 1944 1016 2020 fide,
1028 1954 1065 2009 et
1084 1945 1130 2008 de
1145 1944 1247 2008 chari-

135 2049 220 2114 tate,
238 2061 347 2122 paene
367 2039 448 2102 nihil
471 2040 594 2114 sciunt,
613 2040 858 2123 praeterquod
882 2041 981 2121 pauci
1002 2039 1120 2122 aliqua
1138 2039 1248 2119 aenig-

135 2144 228 2198 mata
247 2155 291 2197 ex
311 2133 413 2207 clero,
431 2154 517 2217 quae
536 2143 662 2197 vocant
681 2131 779 2212 fidei;
803 2135 942 2216 quaein
961 2152 1090 2216 genere
1109 2141 1200 2205 sunt,
1215 2140 1248 2192 ut

134 2228 334 2292 misereatur
365 2228 457 2292 Deus
492 2228 593 2292 Pater
622 2237 763 2310 propter
792 2228 869 2291 Filii
898 2229 949 2290 sui
979 2228 1187 2310 passionem,
1216 2233 1248 2287 ut

134 2323 288 2386 remittet
308 2331 451 2404 peccata
466 2331 501 2385 et
515 2320 687 2402 justificet.

197 2415 227 2478 6.
260 2415 349 2477 Dum
374 2416 407 2478 hi
431 2424 466 2478 et
489 2415 537 2478 illi
560 2414 794 2497 explorantur,
819 2433 898 2478 num
925 2414 1053 2498 aliquid
1082 2414 1159 2486 Dei,
1178 2411 1249 2475 fidei

135 2520 169 2574 et
186 2511 363 2573 charitatis
377 2512 409 2572 in
423 2531 459 2573 se
476 2510 636 2582 habeant,
647 2510 929 2572 animadvertitur
940 2509 1030 2590 quod
1045 2508 1152 2585 nihil;
1172 2528 1248 2572 con·

136 2616 316 2688 sequenter
334 2605 413 2667 nihil
431 2605 527 2678 caeli,
545 2605 721 2679 ecclesiae,
739 2614 774 2666 et
791 2603 921 2678 salutis,
939 2604 1050 2665 solum
1068 2603 1158 2684 apud
1177 2601 1248 2663 illos

135 2702 191 2782 qui
214 2701 304 2762 bona
326 2700 476 2762 secerant
500 2721 544 2762 ex
569 2698 743 2779 religione,
769 2700 845 2780 quia
867 2698 901 2761 hi
925 2697 1144 2778 receptibiles
1174 2703 1248 2757 sunt

136 2795 212 2857 fidei
231 2796 264 2856 in
285 2794 467 2856 Dominum
489 2794 598 2856 Deum
618 2792 831 2856 Salvatorem
851 2793 884 2855 in
904 2792 1032 2854 mundo
1055 2790 1228 2873 spirituali.

199 2905 228 2970 7.
260 2888 316 2950 Ex
341 2890 455 2970 paucis
478 2888 545 2950 illis
564 2909 664 2969 supra
686 2888 811 2959 allatis,
832 2895 928 2969 patet
947 2886 1039 2948 unde
1057 2894 1111 2949 est
1134 2887 1248 2966 ingens

136 2983 193 3044 illa
214 2980 378 3044 “afflietio
397 3003 482 3063 quae
505 2982 549 3043 ab
571 2982 667 3044 initio
691 2982 805 3042 mundi
830 3000 898 3043 non
921 2980 994 3054 fuit,
1015 2999 1078 3042 nec
1103 2978 1197 3052 erit,”
1214 2986 1246 3039 et

136 3078 224 3139 unde
244 3077 301 3138 illa
319 3077 558 3138 “abominatio
574 3074 825 3148 desolationiS,”
838 3095 920 3156 quas
937 3074 1107 3136 Dominus
1126 3073 1247 3135 futuras

136 3173 169 3233 in
188 3171 254 3233 fine
273 3170 448 3243 ecclesiae,
466 3172 521 3251 qui
537 3170 639 3232 hodie
658 3179 722 3242 est,
741 3170 922 3250 praedixit.

200 3267 228 3327 8.
260 3263 360 3345 Quod
385 3263 463 3326 talis
486 3261 623 3326 afflietio
642 3264 685 3325 ab
707 3264 804 3325 initio
827 3262 942 3324 mundi
966 3280 1035 3324 non
1058 3261 1168 3333 fuerit,
1188 3279 1244 3322 nec

136 3359 258 3430 sutura,
277 3367 329 3421 est
349 3360 424 3439 quia
440 3357 569 3421 Gentes
588 3368 623 3420 et
643 3357 704 3438 ipsi
722 3356 840 3437 Judaei
864 3357 1110 3437 ignoraverunt
1134 3354 1244 3417 Domi·

138 3474 217 3516 num
237 3454 347 3516 Deum
367 3452 580 3515 Salvatorem
604 3461 641 3515 ut
665 3451 812 3514 Fontem
836 3450 975 3527 salutis;
999 3459 1036 3513 et
1059 3447 1245 3531 ignorantia

137 3558 300 3612 excusat:
325 3547 425 3610 aliter
443 3567 524 3609 vero
543 3545 725 3608 Christiani
742 3554 820 3627 post
836 3545 1023 3607 adventum
1045 3543 1165 3624 ipsius,
1178 3542 1244 3624 qui·

138 3643 199 3704 bus
218 3641 283 3703 hoc
303 3642 335 3703 in
356 3641 473 3703 Verbo
491 3642 662 3722 utriusque
682 3638 897 3702 Testamenti
917 3635 1091 3701 dete6tum
1109 3645 1171 3700 est.
