2776 5040
355 453 557 505 INVITATIO
580 455 633 505 AD
657 453 794 505 NOVAM
817 454 1040 507 ECCLESIAM.
1208 459 1251 525 97

132 623 292 697 creditur,
306 623 479 705 quomodo
493 634 608 705 potest
626 623 788 688 terminus
804 624 1067 706 metaphysicus,
1082 624 1251 699 Essentia,

132 717 244 783 lacere
262 738 308 780 ex
333 717 439 780 tribus
459 737 559 781 unum
573 718 709 781 ?—dum
733 719 957 800 proprietates
974 718 1115 801 cujusvis
1135 719 1252 782 Perso-

132 832 198 875 nae
221 811 377 875 diversae
400 822 490 885 sunt,
509 813 558 875 ita
581 812 734 876 diversae
758 822 794 876 ut
817 813 972 876 dicantur
991 814 1253 876 incommunica-

131 905 239 985 biles;
255 916 292 969 et
308 926 383 970 cum
400 906 559 989 aequales
577 907 743 970 Personae
759 909 912 989 propriae
929 927 1039 988 perse
1055 909 1253 979 subsistunt,

132 1010 168 1066 et
185 1021 253 1065 una
272 1021 341 1064 non
360 1011 492 1083 partem
508 1011 543 1065 et
562 1001 762 1084 qualitatem
782 1002 885 1065 habet
901 1003 934 1064 in
953 1001 1071 1077 altera,
1089 1022 1147 1065 seu
1166 1000 1253 1066 alte·

133 1099 201 1159 rius
228 1117 405 1179 personae.
450 1091 526 1159 ¹¹¹At
549 1097 629 1158 dum
659 1096 807 1159 creditur
834 1096 925 1179 quod
955 1116 1038 1158 unus
1068 1096 1160 1159 Deus
1187 1115 1255 1159 non

133 1190 240 1253 modo
258 1191 301 1253 sit
321 1190 473 1264 Creator,
493 1191 553 1253 sed
573 1192 677 1253 etiam
695 1191 904 1272 Redemptor
920 1199 954 1254 et
974 1188 1153 1271 Operator,
1173 1201 1255 1254 tunc

131 1284 299 1349 habemus
318 1305 420 1348 unum
440 1285 571 1362 Deum,
594 1295 629 1348 et
649 1297 729 1348 tunc
749 1285 891 1366 primum
907 1284 1063 1348 Ecclesia
1081 1285 1200 1348 existit
1219 1294 1255 1348 et

134 1379 302 1454 subsistit,
326 1389 361 1443 et
384 1378 505 1461 religio
523 1381 617 1442 vivit.
662 1378 709 1442 Et
732 1380 816 1441 haec
840 1380 918 1442 unio
941 1380 1041 1442 trium
1064 1398 1133 1443 non
1156 1377 1255 1442 aliter

134 1474 208 1537 dari
228 1485 343 1556 potest
362 1495 464 1558 quam
483 1475 570 1538 sicut
592 1475 626 1536 in
650 1474 768 1557 quovis
787 1474 1101 1548 homine-anima,
1122 1493 1253 1555 corpus,

134 1578 171 1633 et
189 1569 387 1652 procedens.
420 1569 516 1632 Haec
534 1570 598 1633 tria
613 1569 739 1631 faciunt
755 1588 857 1631 unum
873 1568 1064 1631 hominem:
1088 1568 1168 1650 quid
1187 1588 1254 1631 non

133 1660 286 1740 ¹¹¹Deum,
309 1665 365 1746 qui
388 1676 441 1728 est
465 1664 551 1746 Ipse
567 1663 683 1727 Homo
706 1685 726 1726 a
745 1659 885 1746 ‘'lprimis
903 1663 946 1726 ad
970 1663 1111 1726 ultima?
1155 1662 1194 1725 In
1215 1662 1254 1725 li·

134 1759 199 1822 bro
228 1758 280 1821 De
307 1758 434 1822 Amare
461 1768 493 1821 et
523 1758 698 1838 Sapientia
724 1769 864 1822 ostensa
889 1768 968 1822 sunt
999 1758 1083 1820 haec
1110 1757 1152 1820 de
1179 1757 1255 1821 Deo

136 1852 299 1930 Homine,
318 1874 405 1936 quae
423 1855 621 1931 videantur;
645 1864 679 1917 et
699 1854 789 1936 quod
813 1873 879 1915 non
898 1854 942 1916 sit
960 1852 1088 1925 aether,
1108 1872 1176 1926 aer,
1196 1862 1254 1916 aut

136 1959 272 2012 ventus.
317 1948 419 2030 Quod
441 1951 554 2012 anima
577 1948 720 2030 cujusvis
739 1948 884 2011 hominis
902 1948 945 2010 sit
966 1948 1037 2029 ipse
1055 1947 1158 2010 homo
1176 1947 1256 2011 inde

135 2044 297 2127 sequitur.

203 2136 292 2219 Quia
319 2157 407 2201 nunc
434 2137 598 2201 habemus
621 2157 724 2200 unum
748 2136 858 2200 Deum
881 2136 915 2198 in
938 2136 1104 2210 Ecclesia,
1123 2136 1179 2216 qui
1202 2145 1256 2200 est

136 2232 233 2296 Deus
252 2232 369 2297 Homo
391 2242 427 2297 et
451 2232 567 2296 Homo
586 2233 689 2306 Deus,
709 2242 850 2296 vocatur
868 2230 926 2294 illa
949 2230 1083 2295 Corona
1105 2231 1254 2294 omnium

136 2326 381 2391 Ecclesiarum.

204 2420 286 2505 (54)
319 2420 420 2503 Quod
439 2421 474 2483 in
493 2421 630 2485 Christo
650 2421 766 2485 Homo
784 2421 827 2485 sit
847 2420 940 2484 Deus
951 2417 1083 2499 1-(Ex
1098 2417 1258 2483 Farmula

138 2515 352 2591 Concordiae,
372 2516 406 2579 in
425 2516 534 2580 tribus
553 2516 661 2596 lacis.)

205 2609 284 2692 (Ex
296 2611 415 2687 Paula,
432 2610 526 2674 Rom.
539 2613 606 2673 xiv.
625 2627 658 2672 11
674 2632 682 2688 ;
709 2608 833 2674 Calass.
846 2609 877 2672 ii.
890 2607 936 2692 9.)

205 2703 284 2787 (Ex
295 2705 462 2781 Jahanne,
479 2722 491 2767 1
510 2704 575 2785 Ep.
588 2727 618 2767 v.
636 2722 686 2779 20,
704 2706 770 2788 21.)

202 2801 222 2881 (
222 2799 282 2863 Ex
298 2799 437 2863 Daamiri
452 2800 563 2863 verbis
576 2823 633 2862 .·-

288 2970 310 3008 1.
361 2958 414 3007 uod
428 2957 501 3007 Deus
513 2968 570 3007 erat
581 2957 709 3016 Verbum,
724 2967 751 3006 et
762 2956 879 3006 Verbum
893 2953 1077 3005 caronarum
1090 2956 1125 3004 slt

289 3031 313 3069 a.
364 3020 418 3069 uod
430 3021 521 3069 omnia
534 3021 620 3071 Patris
633 3021 721 3084 Ipsius
733 3017 822 3070 1⁴¹sint.
843 3076 846 3081 ,

289 3097 312 3145 3.
364 3085 417 3134 uod
429 3081 547 3134 ¹⁶lomnia
561 3086 647 3135 Patris
658 3088 693 3134 ad
707 3086 797 3148 Ipsum
811 3087 928 3134 veniant.

287 3161 311 3207 4.
363 3148 416 3197 uod
423 3150 491 3197 sicut
501 3149 666 3198 Paterhabet
674 3151 755 3198 vitam
765 3152 791 3198 in
801 3151 834 3200 Se
843 3151 914 3213 Ipso,
924 3152 960 3200 ita
969 3151 1059 3201 Filius.
1082 3152 1111 3207 (⁸¹
1119 3152 1181 3202 Vita
1189 3156 1216 3204 ln
1224 3154 1258 3205 Se

405 3213 468 3276 lpso
476 3213 490 3232 '¹
500 3223 541 3262 est
554 3213 648 3274 Deus.)

288 3289 311 3338 5.
337 3278 416 3343 Quod
430 3278 509 3327 Pater
521 3290 547 3327 et
561 3279 622 3342 lpse
636 3295 718 3329 unum
731 3282 795 3335 sint,

286 3344 310 3394 6.
362 3345 415 3393 uod
429 3344 491 3407 Ipse
504 3345 530 3392 in
545 3346 632 3403 Patre,
647 3357 674 3394 et
688 3346 766 3394 Pater
779 3347 805 3394 in
820 3346 892 3409 lpso.

287 3420 310 3469 7.
362 3411 415 3459 uod
427 3412 471 3473 qui
484 3410 556 3459 videt
570 3410 662 3472 lpsum
675 3412 765 3459 videat
778 3413 894 3460 Patrem.

286 3474 310 3525 8.
362 3476 415 3524 uod
429 3475 502 3524 Deus
514 3476 580 3524 caeli
594 3487 620 3525 et
632 3487 718 3526 terrae
731 3477 776 3526 sit.

285 3554 309 3602 9.
336 3541 413 3605 Quod
426 3551 501 3603 regat
513 3542 676 3593 universum.
712 3542 764 3603 (Ex
778 3541 911 3605 Symbola.)

271 3617 310 3655 10.
362 3608 414 3655 uod
427 3607 529 3656 dicatur
544 3607 685 3672 ‘'Jehovah
699 3607 892 3670 Redemptor.”

270 3682 309 3721 11.
361 3673 414 3722 uod
426 3673 528 3721 dicatur
542 3672 683 3736 “Jehovah
695 3673 830 3738 Justitla.''

270 3747 309 3788 12.
360 3738 413 3786 uod
424 3739 527 3787 dicatur
538 3739 610 3801 quod
622 3739 744 3803 Jehovah
756 3740 783 3789 ln
796 3739 926 3789 mundum
939 3748 1069 3790 venturus
1082 3741 1126 3793 sit.

269 3811 308 3862 13.
349 3818 366 3851 n
379 3803 530 3867 Apocalypsi
540 3803 608 3867 (cap.
619 3805 658 3868 i.),
673 3806 743 3868 quod
755 3806 791 3854 sit
805 3804 939 3854 “Primus
952 3815 978 3854 et
992 3805 1140 3857 Ultimus.”

269 3879 309 3929 14.
333 3867 432 3927 Verbo,
446 3870 517 3932 quod
529 3870 565 3919 eit
583 3870 657 3920 Deus
676 3871 764 3928 Pater,
779 3870 823 3934 qui
840 3870 989 3930 invisibilis,
1004 3871 1032 3920 in
1046 3871 1177 3924 Humano
1189 3873 1261 3938 quod

398 3949 488 3984 coram
501 3936 636 3986 mentibus
648 3936 774 3999 visibile.)

198 4094 301 4178 Quod
324 4096 402 4179 quia
420 4097 467 4161 sic
487 4119 572 4161 unus
591 4097 684 4162 Deus
706 4099 740 4162 in
759 4097 925 4175 Ecclesia,
944 4098 1099 4165 Ecclesia
1121 4102 1165 4166 sit
1184 4101 1253 4166 Ec·

131 4191 247 4267 clesia,
264 4200 342 4268 etc,
359 4201 425 4256 etc.
470 4192 526 4256 Ex
543 4191 696 4275 Symbola
710 4192 924 4257 Athanasii:

186 4352 276 4424 Quod
297 4352 378 4409 Deus
391 4365 422 4410 et
443 4352 546 4409 Homo
560 4354 589 4409 in
604 4353 726 4412 Christo
738 4356 778 4411 sit
792 4372 850 4411 una
864 4356 1006 4421 Persona,
1021 4340 1099 4414 sicut
1113 4359 1214 4414 anima
1229 4369 1261 4417 et

131 4441 255 4496 corpus;
277 4435 342 4479 tum
355 4427 436 4497 quod
453 4424 595 4481 Humana
609 4426 724 4482 Natura
735 4439 890 4500 assumpta
901 4429 941 4483 sit
955 4429 984 4483 in
1000 4428 1107 4485 Deum.
