2776 5040
136 437 177 517 48
608 446 783 498 conotus.

135 618 259 682 amoris
277 638 355 680 vere
374 616 571 698 conjugialis
594 636 664 679 non
687 615 821 679 aliunde
844 625 897 678 est
916 633 1018 697 quam
1038 635 1086 676 ex
1105 611 1247 695 conjugio

136 713 273 776 Domini
292 722 326 775 et
347 710 531 785 Ecclesiae,
549 713 595 774 ita
615 733 658 774 ex
675 731 789 773 amore
809 709 944 772 Domini
961 729 1045 789 erga
1066 707 1248 770 Ecclesiam

135 817 170 870 et
191 806 366 869 Ecclesiae
388 808 422 868 in
446 806 628 868 Dominum
649 804 753 886 (quod
777 805 810 866 in
833 803 891 866 illo
910 802 1086 884 opusculo,
1107 822 1127 863 a
1147 820 1178 862 n.
1200 799 1249 861 116

133 901 176 963 ad
204 917 272 980 131,
292 910 465 963 ostensum
489 899 615 981 est),et
636 901 713 981 quia
734 900 768 960 in
792 908 932 981 utroque
955 896 1021 958 hoc
1045 915 1165 958 amore
1187 894 1249 957 sue·

136 1005 214 1058 runt
238 995 463 1075 antiquissimi
497 995 656 1075 quamdiu
679 995 890 1057 retinuerunt
917 994 1105 1072 imaginem
1134 992 1198 1055 Dei
1222 995 1250 1054 in

136 1110 183 1162 se,
207 1089 284 1152 ideo
311 1109 355 1151 ex
383 1087 441 1150 illo
468 1087 631 1169 opusculo
658 1107 794 1168 possum
822 1087 1046 1150 transcribere
1078 1088 1252 1171 sequentia

136 1183 220 1245 haec
248 1182 290 1244 de
317 1181 376 1243 illo
403 1180 509 1255 caelo,
534 1181 576 1242 ad
604 1181 694 1263 quod
721 1190 801 1243 tunc
830 1181 909 1243 mihi
936 1181 1048 1243 aditus
1072 1200 1252 1243 concessus

137 1286 201 1351 est,
221 1284 405 1360 quaesunt
426 1272 541 1356 [haec]
554 1294 606 1335 ε·-

195 1428 264 1496 37⁶
292 1432 307 1453 ‘¹
316 1423 485 1494 Quondam.
496 1438 564 1476 cum
578 1421 739 1475 meditatus
749 1438 814 1476 sum
825 1422 863 1475 de
873 1422 986 1476 Amore
996 1421 1181 1493 Coniugial't
1190 1439 1254 1494 oap-

138 1495 214 1550 tavit
227 1505 356 1549 mentem
371 1493 550 1548 desiderium
564 1492 675 1547 sciendi
690 1492 785 1562 qualis
804 1492 853 1546 ille
872 1508 955 1546 amor
975 1491 1072 1547 luerat
1090 1495 1173 1564 apud
1193 1494 1255 1548 illos

137 1565 188 1635 qui
203 1565 232 1618 in
246 1564 372 1619 Saeculo
386 1564 487 1617 Aureo
495 1564 648 1624 vixerunt;
667 1573 697 1616 et
708 1573 811 1632 postea
820 1563 916 1632 qualis
927 1564 955 1616 in
967 1565 1174 1632 sequentibus,
1183 1580 1254 1634 quae

137 1652 174 1691 ex
187 1636 331 1706 Argento,
345 1634 454 1703 Cupr0,
468 1644 499 1687 et
519 1632 611 1687 Ferro
623 1643 776 1686 vocantur.
815 1632 851 1686 Et
870 1633 941 1703 quia
960 1634 1029 1687 novi
1072 1635 1135 1688 uod
1155 1651 1255 1690 omnes

137 1707 188 1789 qui
203 1707 232 1759 in
244 1706 301 1760 illis
310 1704 435 1759 saeculis
445 1705 521 1758 bene
531 1703 676 1763 vixerunt.
687 1703 716 1755 in
727 1704 816 1757 caelis
825 1704 892 1765 sint.
902 1703 984 1758 oravi
993 1704 1032 1758 ad
1077 1707 1215 1759 ominum
1224 1716 1255 1758 ut

138 1776 240 1831 liceret
251 1775 323 1828 mihi
333 1792 401 1829 curn
414 1775 472 1829 illis
485 1774 566 1856 loqui
581 1784 612 1827 et
625 1773 738 1827 instrui.

191 1846 254 1900 “Et
272 1862 340 1900 ecce
359 1845 475 1899 adstitit
495 1844 567 1897 mihi
580 1843 704 1913 angelus
716 1854 747 1897 et
765 1844 848 1903 dixit.
863 1843 986 1898 ‘Missus
1004 1860 1072 1897 sum
1091 1861 1110 1899 a
1126 1845 1255 1900 Domino

138 1928 172 1970 ut
184 1917 240 1971 sim
251 1914 357 1969 dutlor
369 1926 399 1969 et
410 1931 522 1969 comes.
561 1914 598 1967 Et
612 1913 738 1983 primum
753 1924 782 1967 te
796 1914 901 1967 ducam
915 1925 945 1968 et
958 1915 1128 1969 comitabor
1140 1917 1179 1970 ad
1193 1917 1256 1970 illos

137 1988 189 2057 qui
211 1987 351 2041 vixerunt
372 1986 469 2055 primo
492 1986 577 2039 Aevo
598 2001 650 2038 seu
673 1982 807 2044 Saeculo,
829 1984 909 2054 quod
932 1994 1058 2038 vocatur
1077 1986 1255 2041 Aureum.’”

192 2055 361 2126 (Saeculum
376 2057 509 2110 Aureum
524 2057 603 2111 idem
616 2067 662 2112 est
674 2072 742 2111 cum
757 2055 882 2110 Saeculo
895 2055 1135 2124 Antiquissimae
1156 2055 1256 2110 Eccle-

136 2126 207 2188 siae,
221 2127 302 2196 quod
323 2126 498 2196 intelligitur
514 2143 566 2197 per
580 2126 700 2196 “Caput
718 2143 754 2180 ex
772 2142 846 2180 auro
864 2126 966 2179 bono''
979 2141 1070 2194 super
1082 2137 1185 2180 statua
1197 2126 1257 2180 visa

138 2195 400 2252 Nebuchadnezari
416 2197 444 2250 in
459 2197 584 2257 somnio,
598 2198 677 2251 Dan.
691 2197 719 2250 ii.
734 2211 775 2264 32,
789 2196 826 2250 de
839 2212 900 2266 quo
913 2196 1015 2265 prius.)

190 2267 349 2337 “Angelus
362 2267 445 2328 dixit.
458 2267 525 2321 ‘Est
543 2267 581 2321 ad
602 2267 668 2320 illos
681 2267 730 2320 via
741 2267 847 2328 ardua;
867 2277 912 2320 est
931 2282 983 2335 per
995 2265 1103 2320 silvam
1124 2281 1255 2336 opacam,

137 2356 227 2410 quam
242 2354 330 2393 nemo
343 2348 443 2408 potest
455 2338 588 2398 transire,
602 2338 658 2391 nisi
672 2338 747 2392 duce
760 2339 833 2392 dato
845 2354 863 2392 a
877 2337 1026 2391 Domino.'
1255 2332 1259 2342 ’

191 2417 207 2438 “
216 2409 302 2463 Eram
323 2408 352 2461 in
372 2409 485 2478 spiritu,
499 2419 529 2462 et
542 2408 655 2462 accinxi
676 2409 814 2469 meviae:
839 2419 869 2462 et
887 2408 1091 2463 convertimus
1110 2408 1202 2464 facies
1219 2411 1254 2464 ad

137 2481 299 2541 orientem;
320 2490 350 2532 et
369 2480 397 2531 in
413 2479 565 2548 pergendo
577 2478 637 2531 vidi
651 2489 784 2531 montem
798 2479 882 2547 cujus
895 2479 1024 2531 altitudo
1044 2481 1169 2550 pertigit
1181 2482 1255 2534 ultra

138 2552 290 2620 regionem
306 2551 438 2602 nubium.
475 2549 679 2602 Transivimus
692 2550 842 2602 desertum
858 2565 1006 2618 magnum,
1021 2560 1051 2603 et
1066 2551 1254 2618 pervenimus

139 2622 168 2674 in
188 2622 292 2674 silvam
312 2637 349 2672 ex
368 2620 456 2672 variis
476 2621 613 2673 arborum
633 2620 791 2689 generibus
809 2619 981 2679 confertam,
1000 2630 1032 2672 et
1051 2636 1088 2673 ex
1108 2621 1253 2675 densitate

139 2692 253 2745 illarum
265 2707 397 2759 opacam,
409 2691 445 2743 de
456 2706 515 2758 qua
525 2691 647 2758 angelus
659 2689 813 2757 praedixit.
840 2689 897 2742 Sed
909 2700 971 2742 erat
982 2690 1058 2743 silva
1069 2691 1121 2743 illa
1131 2690 1212 2744 setta
1225 2693 1252 2744 in

138 2763 237 2832 plures
251 2761 384 2814 tramites
402 2771 560 2829 angustos;
592 2770 621 2812 et
641 2760 716 2811 dixit
729 2761 852 2829 angelus
865 2760 944 2828 quod
966 2760 1102 2812 totidem.
1115 2763 1252 2831 ambages

138 2848 272 2886 errorum
287 2832 354 2891 sint,
368 2841 399 2884 et
417 2831 498 2899 quod
513 2830 568 2883 nisi
582 2830 753 2898 aperiantur
765 2830 842 2882 oculi
862 2847 880 2882 a
900 2829 1038 2892 Domino,
1052 2842 1084 2883 et
1100 2832 1254 2885 videantur

138 2903 221 2956 oleae
236 2901 400 2971 pampineis
419 2901 529 2954 vitibus
548 2898 783 2958 circumcinctae.
798 2917 831 2953 ac
851 2900 982 2953 letantur
994 2917 1115 2981 gressus
1134 2904 1171 2955 ab
1190 2904 1253 2955 olea

137 2974 174 3026 ad
198 2973 303 3031 oleam,
326 2971 459 3024 abiturus
484 2970 523 3024 sit
548 2971 645 3024 viator
671 2971 699 3022 in
722 2970 845 3023 Tartara
867 2972 953 3038 [quae
978 2986 1090 3023 circum
1118 2973 1197 3026 circa
1217 2973 1251 3026 ad

138 3043 231 3097 latera
239 3042 355 3109 sunt1¹1].
394 3040 476 3094 Haec
487 3041 561 3094 silva
574 3041 641 3093 talis
652 3051 697 3093 est
712 3052 832 3108 propter
845 3040 931 3092 linem
947 3052 979 3093 ut
992 3043 1182 3096 custodiatur
1193 3043 1252 3096 adi-

137 3124 201 3174 tus;
221 3130 279 3165 non
295 3113 372 3165 enim
387 3112 444 3165 alia
457 3129 529 3181 gens
543 3128 631 3180 quam
647 3111 796 3179 primaeva
809 3128 897 3179 super
911 3122 1012 3164 monte
1027 3112 1078 3164 illo
1093 3113 1215 3167 habitat.

191 3183 377 3251 “Postquam
393 3183 567 3235 intravimus
581 3182 684 3233 silvam
704 3182 797 3249 aperti
816 3193 885 3233 sunt
903 3181 990 3241 oculi,
1003 3197 1039 3234 ac
1057 3183 1189 3238 vidimus
1207 3184 1252 3237 hic

137 3264 168 3308 et
187 3254 226 3307 ibi
246 3254 327 3307 oleas
340 3253 558 3321 circumligatas
568 3252 715 3309 vitibus,e
735 3251 842 3319 quibus
857 3252 1026 3319 pendebant
1046 3253 1126 3306 botri
1146 3254 1251 3308 coloris

137 3325 255 3395 cyanei;
276 3339 311 3377 ac
329 3324 412 3377 oleae
426 3334 509 3375 erant
529 3322 557 3374 in
573 3332 731 3390 perpetuos
745 3322 830 3374 orbes
844 3323 1021 3389 dispositae;
1045 3339 1139 3392 quare
1152 3341 1251 3378 secun·

137 3396 208 3447 dum
231 3392 423 3462 conspectum
448 3393 562 3445 illarum
586 3391 774 3444 circuivimus
799 3403 829 3444 et
854 3392 1052 3453 circuivimus,
1076 3404 1106 3446 et
1132 3396 1249 3448 tandem

137 3465 266 3518 vidimus
280 3465 377 3516 lucum
392 3479 428 3516 ex
441 3464 509 3515 altis
522 3462 625 3521 cedris,
636 3472 666 3514 ct
680 3478 769 3529 super
779 3462 894 3514 illarum
906 3461 994 3514 ramis
1004 3463 1121 3531 aliquas
1132 3465 1250 3534 aquilas.

138 3534 254 3605 Quibus
273 3535 343 3587 visis
363 3533 438 3586 dixit
456 3534 587 3603 angelus.
603 3531 704 3584 'Nunc
724 3532 753 3583 in
774 3543 875 3585 monte
895 3548 1004 3592 sumus,
1025 3549 1086 3586 non
1111 3536 1214 3604 procul
1234 3552 1250 3588 a

137 3603 337 3673 verticeejus.'

192 3675 254 3728 “Et
268 3674 457 3742 perreximus.
469 3683 499 3726 et
512 3689 580 3726 ecce
595 3683 661 3741 post
675 3673 774 3724 lucum
785 3689 907 3740 campus
919 3673 1075 3733 rotundus,
1087 3675 1138 3727 ubi
1154 3691 1249 3744 pasce·

138 3748 209 3799 bant
222 3744 290 3814 agni
304 3755 333 3797 et
347 3759 449 3812 agnae,
460 3759 536 3812 quae
550 3754 633 3795 erant
648 3742 760 3795 formae
775 3743 1042 3810 repraesentativae
1056 3755 1155 3799 status
1169 3747 1249 3799 inno

138 3816 253 3869 centiae
275 3824 305 3868 et
328 3815 407 3882 pacis
431 3824 649 3866 montanorum.
689 3812 777 3864 Hunc
799 3812 963 3881 campuml¹l
985 3815 1195 3875 transivimus:
1222 3825 1250 3868 et

138 3903 206 3940 ecce
221 3885 282 3938 visa
291 3895 360 3937 sunt
371 3885 560 3936 tabernacula
570 3894 599 3936 et
613 3883 810 3942 tabernacula,
824 3884 860 3935 ad
873 3884 957 3951 plura
970 3883 1064 3936 millia
1073 3896 1248 3946 antrorsum

138 3957 218 4010 etad
233 3956 325 4008 latera
339 3955 367 4006 in
381 3970 500 4006 omnem
514 3954 717 4006 extensionem
731 3953 820 4006 visus.

191 4026 254 4079 “Et
273 4025 348 4078 dixit
366 4025 497 4092 angelus,
517 4023 619 4076 ‘Nunc
637 4040 739 4076 sumus
762 4024 790 4075 in
813 4023 916 4076 castris
939 4023 988 4074 ubi
1013 4023 1170 4078 Exercitus
1192 4025 1249 4079 Do-

139 4096 210 4150 mini
229 4095 374 4167 Jehovih;
398 4094 438 4146 ita
456 4111 488 4147 se
510 4104 541 4147 et
563 4093 762 4146 habitationes
782 4111 849 4146 suas
868 4092 1002 4150 vocanti]
1041 4095 1248 4164 Antiquissimi

139 4169 178 4229 hi,
198 4169 270 4220 dum
293 4166 321 4218 in
347 4165 458 4217 mundo
484 4164 611 4224 luerunt,
632 4164 841 4217 habitaverunt
865 4164 894 4216 in
917 4165 1132 4226 tabernaculis;
1161 4181 1248 4235 quare

138 4239 229 4292 etiam
244 4236 365 4289 nuncin
381 4235 436 4288 illis
451 4234 603 4287 habitant!

192 4307 273 4361 “Sed
287 4306 357 4365 dixi,
369 4314 375 4334 ⁸
385 4305 406 4358 F
409 4304 552 4358 letlamus
563 4306 640 4357 viam
650 4304 685 4356 ad
697 4305 858 4364 meridiem,
870 4305 918 4357 ubi
930 4314 1000 4356 sunt
1010 4306 1207 4374 sapientiores
1216 4304 1248 4358 il·

139 4380 244 4440 lorum,
258 4388 292 4430 ut
304 4376 516 4430 conveniamus
529 4375 657 4444 aliquem
671 4391 739 4428 cum
753 4391 813 4445 quo
826 4375 974 4429 sociemus
987 4375 1174 4430 sermonem.¹
