<?xml version="1.0" encoding="UTF-8"?>
<!DOCTYPE html PUBLIC "-//W3C//DTD XHTML 1.0 Transitional//EN"
    "http://www.w3.org/TR/xhtml1/DTD/xhtml1-transitional.dtd">
<html xmlns="http://www.w3.org/1999/xhtml" xml:lang="en" lang="en">
 <head>
  <title>
</title>
<meta http-equiv="Content-Type" content="text/html;charset=utf-8" />
  <meta name='ocr-system' content='tesseract 3.04.00' />
  <meta name='ocr-capabilities' content='ocr_page ocr_carea ocr_par ocr_line ocrx_word'/>
</head>
<body>
  <div class='ocr_page' id='page_1' title='image "./denovahiersosol00swedgoog_0385.png"; bbox 0 0 2776 5040; ppageno 0'>
   <div class='ocr_carea' id='block_1_1' title="bbox 146 440 985 508">
    <p class='ocr_par' dir='ltr' id='par_1_1' title="bbox 146 440 985 508">
     <span class='ocr_line' id='line_1_1' title="bbox 146 440 985 508; baseline 0.002 -15"><span class='ocrx_word' id='word_1_1' title='bbox 146 440 186 508; x_wconf 80' lang='lat'>54</span> <span class='ocrx_word' id='word_1_2' title='bbox 416 442 593 495; x_wconf 78' lang='lat' dir='ltr'>CANONES</span> <span class='ocrx_word' id='word_1_3' title='bbox 616 443 745 497; x_wconf 73' lang='lat' dir='ltr'>Novnss</span> <span class='ocrx_word' id='word_1_4' title='bbox 767 444 985 497; x_wconf 75' lang='lat' dir='ltr'><strong>ECCLESIAE.</strong></span> 
     </span>
    </p>
   </div>
   <div class='ocr_carea' id='block_1_2' title="bbox 206 614 1248 1730">
    <p class='ocr_par' dir='ltr' id='par_1_2' title="bbox 353 614 1244 1165">
     <span class='ocr_line' id='line_1_2' title="bbox 353 614 1239 698; baseline 0.005 -20"><span class='ocrx_word' id='word_1_5' title='bbox 353 616 387 678; x_wconf 89' lang='lat' dir='ltr'>in</span> <span class='ocrx_word' id='word_1_6' title='bbox 417 614 537 694; x_wconf 89' lang='lat' dir='ltr'>Patre;</span> <span class='ocrx_word' id='word_1_7' title='bbox 571 616 661 698; x_wconf 88' lang='lat' dir='ltr'>quod</span> <span class='ocrx_word' id='word_1_8' title='bbox 685 636 788 680; x_wconf 88' lang='lat' dir='ltr'>nemo</span> <span class='ocrx_word' id='word_1_9' title='bbox 808 617 925 680; x_wconf 88' lang='lat' dir='ltr'>veniat</span> <span class='ocrx_word' id='word_1_10' title='bbox 951 617 996 679; x_wconf 87' lang='lat' dir='ltr'>ad</span> <span class='ocrx_word' id='word_1_11' title='bbox 1025 617 1173 691; x_wconf 81' lang='lat' dir='ltr'>Patrem,</span> <span class='ocrx_word' id='word_1_12' title='bbox 1193 618 1239 681; x_wconf 86' lang='lat' dir='ltr'>uisi</span> 
     </span>
     <span class='ocr_line' id='line_1_3' title="bbox 353 709 1240 792; baseline 0.005 -21"><span class='ocrx_word' id='word_1_13' title='bbox 353 730 413 791; x_wconf 92' lang='lat' dir='ltr'>per</span> <span class='ocrx_word' id='word_1_14' title='bbox 425 709 569 786; x_wconf 64' lang='lat' dir='ltr'>Filium</span> <span class='ocrx_word' id='word_1_15' title='bbox 591 710 682 792; x_wconf 89' lang='lat' dir='ltr'>quod</span> <span class='ocrx_word' id='word_1_16' title='bbox 698 712 785 773; x_wconf 85' lang='lat' dir='ltr'>sicut</span> <span class='ocrx_word' id='word_1_17' title='bbox 803 710 904 774; x_wconf 86' lang='lat' dir='ltr'>Pater</span> <span class='ocrx_word' id='word_1_18' title='bbox 919 709 1028 774; x_wconf 85' lang='lat' dir='ltr'>habet</span> <span class='ocrx_word' id='word_1_19' title='bbox 1044 712 1152 774; x_wconf 88' lang='lat' dir='ltr'>vitam</span> <span class='ocrx_word' id='word_1_20' title='bbox 1167 709 1240 775; x_wconf 85' lang='lat' dir='ltr'>inSe</span> 
     </span>
     <span class='ocr_line' id='line_1_4' title="bbox 354 802 1241 887; baseline 0.006 -22"><span class='ocrx_word' id='word_1_21' title='bbox 354 802 446 884; x_wconf 81' lang='lat' dir='ltr'>ipso,</span> <span class='ocrx_word' id='word_1_22' title='bbox 458 803 506 866; x_wconf 84' lang='lat' dir='ltr'>ita</span> <span class='ocrx_word' id='word_1_23' title='bbox 524 804 656 867; x_wconf 86' lang='lat' dir='ltr'>dederit</span> <span class='ocrx_word' id='word_1_24' title='bbox 673 802 761 866; x_wconf 84' lang='lat' dir='ltr'>Filio</span> <span class='ocrx_word' id='word_1_25' title='bbox 779 803 904 867; x_wconf 88' lang='lat' dir='ltr'>habere</span> <span class='ocrx_word' id='word_1_26' title='bbox 920 803 1030 867; x_wconf 84' lang='lat' dir='ltr'>vitam</span> <span class='ocrx_word' id='word_1_27' title='bbox 1046 805 1082 867; x_wconf 91' lang='lat' dir='ltr'>in</span> <span class='ocrx_word' id='word_1_28' title='bbox 1101 803 1147 869; x_wconf 88' lang='lat' dir='ltr'>Se</span> <span class='ocrx_word' id='word_1_29' title='bbox 1161 805 1241 887; x_wconf 75' lang='lat' dir='ltr'>1ps0;</span> 
     </span>
     <span class='ocr_line' id='line_1_5' title="bbox 353 895 1242 979; baseline 0.002 -21"><span class='ocrx_word' id='word_1_30' title='bbox 353 896 443 979; x_wconf 93' lang='lat' dir='ltr'>quod</span> <span class='ocrx_word' id='word_1_31' title='bbox 462 897 495 959; x_wconf 91' lang='lat' dir='ltr'>in</span> <span class='ocrx_word' id='word_1_32' title='bbox 510 896 590 977; x_wconf 87' lang='lat' dir='ltr'>Jesu</span> <span class='ocrx_word' id='word_1_33' title='bbox 608 895 746 961; x_wconf 89' lang='lat' dir='ltr'>Christo</span> <span class='ocrx_word' id='word_1_34' title='bbox 763 897 874 960; x_wconf 83' lang='lat' dir='ltr'>omnis</span> <span class='ocrx_word' id='word_1_35' title='bbox 891 896 1076 978; x_wconf 82' lang='lat' dir='ltr'><strong>plenitudo</strong></span> <span class='ocrx_word' id='word_1_36' title='bbox 1092 898 1242 962; x_wconf 83' lang='lat' dir='ltr'>Divinita-</span> 
     </span>
     <span class='ocr_line' id='line_1_6' title="bbox 354 990 1244 1073; baseline 0.004 -22"><span class='ocrx_word' id='word_1_37' title='bbox 354 991 398 1052; x_wconf 82' lang='lat' dir='ltr'>tis</span> <span class='ocrx_word' id='word_1_38' title='bbox 427 990 560 1054; x_wconf 90' lang='lat' dir='ltr'>habitet</span> <span class='ocrx_word' id='word_1_39' title='bbox 590 991 829 1072; x_wconf 80' lang='lat' dir='ltr'>corporaliter:</span> <span class='ocrx_word' id='word_1_40' title='bbox 864 1000 1000 1072; x_wconf 88' lang='lat' dir='ltr'>praeter</span> <span class='ocrx_word' id='word_1_41' title='bbox 1030 990 1141 1073; x_wconf 89' lang='lat' dir='ltr'>plura.</span> <span class='ocrx_word' id='word_1_42' title='bbox 1196 992 1244 1055; x_wconf 76' lang='lat' dir='ltr'>Per</span> 
     </span>
     <span class='ocr_line' id='line_1_7' title="bbox 356 1082 1176 1165; baseline 0.002 -20"><span class='ocrx_word' id='word_1_43' title='bbox 356 1082 507 1146; x_wconf 84' lang='lat' dir='ltr'>“Filium</span> <span class='ocrx_word' id='word_1_44' title='bbox 515 1083 530 1107; x_wconf 90' lang='lat'><strong>”</strong></span> <span class='ocrx_word' id='word_1_45' title='bbox 548 1085 594 1148; x_wconf 92' lang='lat' dir='ltr'>ibi</span> <span class='ocrx_word' id='word_1_46' title='bbox 612 1084 815 1165; x_wconf 84' lang='lat' dir='ltr'>intelligitur</span> <span class='ocrx_word' id='word_1_47' title='bbox 835 1083 1034 1148; x_wconf 87' lang='lat' dir='ltr'>Humanum</span> <span class='ocrx_word' id='word_1_48' title='bbox 1055 1085 1176 1149; x_wconf 89' lang='lat' dir='ltr'>Patris.</span> 
     </span>
    </p>

    <p class='ocr_par' dir='ltr' id='par_1_3' title="bbox 206 1174 1248 1730">
     <span class='ocr_line' id='line_1_8' title="bbox 206 1174 1246 1261; baseline 0.002 -23"><span class='ocrx_word' id='word_1_49' title='bbox 206 1191 252 1238; x_wconf 91' lang='lat'>10.</span> <span class='ocrx_word' id='word_1_50' title='bbox 284 1174 385 1258; x_wconf 83' lang='lat' dir='ltr'>Quod</span> <span class='ocrx_word' id='word_1_51' title='bbox 412 1198 457 1240; x_wconf 85' lang='lat' dir='ltr'>ex</span> <span class='ocrx_word' id='word_1_52' title='bbox 486 1177 538 1241; x_wconf 90' lang='lat' dir='ltr'>his</span> <span class='ocrx_word' id='word_1_53' title='bbox 564 1189 724 1260; x_wconf 88' lang='lat' dir='ltr'>sequatur</span> <span class='ocrx_word' id='word_1_54' title='bbox 746 1179 837 1261; x_wconf 90' lang='lat' dir='ltr'>quod</span> <span class='ocrx_word' id='word_1_55' title='bbox 868 1178 1038 1241; x_wconf 84' lang='lat' dir='ltr'>Divinitas</span> <span class='ocrx_word' id='word_1_56' title='bbox 1070 1190 1107 1242; x_wconf 92' lang='lat' dir='ltr'>et</span> <span class='ocrx_word' id='word_1_57' title='bbox 1134 1180 1246 1243; x_wconf 81' lang='lat' dir='ltr'>Anima</span> 
     </span>
     <span class='ocr_line' id='line_1_9' title="bbox 354 1270 1247 1346; baseline 0.001 -12"><span class='ocrx_word' id='word_1_58' title='bbox 354 1270 430 1334; x_wconf 82' lang='lat' dir='ltr'>Filii</span> <span class='ocrx_word' id='word_1_59' title='bbox 460 1272 535 1346; x_wconf 87' lang='lat' dir='ltr'>Dei,</span> <span class='ocrx_word' id='word_1_60' title='bbox 553 1271 741 1336; x_wconf 87' lang='lat' dir='ltr'>Salvatoris</span> <span class='ocrx_word' id='word_1_61' title='bbox 768 1274 887 1345; x_wconf 87' lang='lat' dir='ltr'>nostri,</span> <span class='ocrx_word' id='word_1_62' title='bbox 905 1292 974 1335; x_wconf 91' lang='lat' dir='ltr'>non</span> <span class='ocrx_word' id='word_1_63' title='bbox 1000 1275 1072 1336; x_wconf 84' lang='lat' dir='ltr'>sint</span> <span class='ocrx_word' id='word_1_64' title='bbox 1102 1270 1247 1337; x_wconf 64' lang='lat' dir='ltr'>distinlle</span> 
     </span>
     <span class='ocr_line' id='line_1_10' title="bbox 352 1364 1246 1448; baseline 0 -20"><span class='ocrx_word' id='word_1_65' title='bbox 352 1367 430 1440; x_wconf 87' lang='lat' dir='ltr'>duo,</span> <span class='ocrx_word' id='word_1_66' title='bbox 455 1367 643 1429; x_wconf 88' lang='lat' dir='ltr'>sedunum</span> <span class='ocrx_word' id='word_1_67' title='bbox 669 1377 705 1430; x_wconf 92' lang='lat' dir='ltr'>et</span> <span class='ocrx_word' id='word_1_68' title='bbox 727 1367 828 1430; x_wconf 89' lang='lat' dir='ltr'>idem.</span> <span class='ocrx_word' id='word_1_69' title='bbox 874 1364 976 1448; x_wconf 83' lang='lat' dir='ltr'>Quod</span> <span class='ocrx_word' id='word_1_70' title='bbox 1002 1367 1111 1430; x_wconf 86' lang='lat' dir='ltr'>Filius</span> <span class='ocrx_word' id='word_1_71' title='bbox 1131 1368 1192 1431; x_wconf 89' lang='lat' dir='ltr'>Dei</span> <span class='ocrx_word' id='word_1_72' title='bbox 1211 1369 1246 1429; x_wconf 85' lang='lat' dir='ltr'>sit</span> 
     </span>
     <span class='ocr_line' id='line_1_11' title="bbox 354 1458 1246 1542; baseline 0 -21"><span class='ocrx_word' id='word_1_73' title='bbox 354 1458 549 1523; x_wconf 87' lang='lat' dir='ltr'>Humanum</span> <span class='ocrx_word' id='word_1_74' title='bbox 578 1459 641 1523; x_wconf 91' lang='lat' dir='ltr'>Dei</span> <span class='ocrx_word' id='word_1_75' title='bbox 672 1460 792 1531; x_wconf 87' lang='lat' dir='ltr'>Patris.</span> <span class='ocrx_word' id='word_1_76' title='bbox 823 1480 924 1542; x_wconf 89' lang='lat' dir='ltr'>super</span> <span class='ocrx_word' id='word_1_77' title='bbox 951 1459 1056 1541; x_wconf 86' lang='lat' dir='ltr'>plene</span> <span class='ocrx_word' id='word_1_78' title='bbox 1084 1471 1246 1525; x_wconf 84' lang='lat' dir='ltr'>ostensum</span> 
     </span>
     <span class='ocr_line' id='line_1_12' title="bbox 352 1553 1247 1637; baseline 0.001 -22"><span class='ocrx_word' id='word_1_79' title='bbox 352 1563 426 1629; x_wconf 86' lang='lat' dir='ltr'>est;</span> <span class='ocrx_word' id='word_1_80' title='bbox 453 1555 532 1636; x_wconf 93' lang='lat' dir='ltr'>quid</span> <span class='ocrx_word' id='word_1_81' title='bbox 549 1555 639 1617; x_wconf 89' lang='lat' dir='ltr'>enirn</span> <span class='ocrx_word' id='word_1_82' title='bbox 655 1554 746 1617; x_wconf 90' lang='lat' dir='ltr'>aliud</span> <span class='ocrx_word' id='word_1_83' title='bbox 762 1553 870 1617; x_wconf 87' lang='lat' dir='ltr'>Maria</span> <span class='ocrx_word' id='word_1_84' title='bbox 886 1553 1000 1617; x_wconf 87' lang='lat' dir='ltr'>Mater</span> <span class='ocrx_word' id='word_1_85' title='bbox 1012 1556 1147 1636; x_wconf 89' lang='lat' dir='ltr'>peperit</span> <span class='ocrx_word' id='word_1_86' title='bbox 1160 1573 1247 1637; x_wconf 81' lang='lat' dir='ltr'>quam</span> 
     </span>
     <span class='ocr_line' id='line_1_13' title="bbox 354 1646 1248 1730; baseline -0.001 -21"><span class='ocrx_word' id='word_1_87' title='bbox 354 1646 560 1721; x_wconf 87' lang='lat' dir='ltr'>Humanum,</span> <span class='ocrx_word' id='word_1_88' title='bbox 580 1648 614 1710; x_wconf 92' lang='lat' dir='ltr'>in</span> <span class='ocrx_word' id='word_1_89' title='bbox 630 1668 698 1730; x_wconf 90' lang='lat' dir='ltr'>quo</span> <span class='ocrx_word' id='word_1_90' title='bbox 716 1647 875 1711; x_wconf 84' lang='lat' dir='ltr'>Divinum</span> <span class='ocrx_word' id='word_1_91' title='bbox 894 1668 939 1711; x_wconf 86' lang='lat' dir='ltr'>ex</span> <span class='ocrx_word' id='word_1_92' title='bbox 959 1647 1037 1712; x_wconf 90' lang='lat' dir='ltr'>Deo</span> <span class='ocrx_word' id='word_1_93' title='bbox 1056 1648 1160 1713; x_wconf 90' lang='lat' dir='ltr'>Patre</span> <span class='ocrx_word' id='word_1_94' title='bbox 1176 1647 1248 1712; x_wconf 82' lang='lat' dir='ltr'>luit?</span> 
     </span>
    </p>
   </div>
   <div class='ocr_carea' id='block_1_3' title="bbox 144 1821 1247 2186">
    <p class='ocr_par' dir='ltr' id='par_1_4' title="bbox 144 1821 1247 2186">
     <span class='ocr_line' id='line_1_14' title="bbox 145 1821 1247 1900; baseline 0.001 -17"><span class='ocrx_word' id='word_1_95' title='bbox 145 1821 229 1884; x_wconf 91' lang='lat' dir='ltr'>Inde</span> <span class='ocrx_word' id='word_1_96' title='bbox 257 1841 278 1884; x_wconf 92' lang='lat' dir='ltr'>a</span> <span class='ocrx_word' id='word_1_97' title='bbox 307 1823 488 1886; x_wconf 90' lang='lat' dir='ltr'>nativitate</span> <span class='ocrx_word' id='word_1_98' title='bbox 513 1823 647 1885; x_wconf 86' lang='lat' dir='ltr'>“Filius</span> <span class='ocrx_word' id='word_1_99' title='bbox 677 1821 764 1886; x_wconf 84' lang='lat' dir='ltr'>Dei”</span> <span class='ocrx_word' id='word_1_100' title='bbox 787 1833 930 1886; x_wconf 84' lang='lat' dir='ltr'>vocatus</span> <span class='ocrx_word' id='word_1_101' title='bbox 952 1834 1028 1900; x_wconf 87' lang='lat' dir='ltr'>est;</span> <span class='ocrx_word' id='word_1_102' title='bbox 1062 1825 1148 1889; x_wconf 88' lang='lat' dir='ltr'>dicit</span> <span class='ocrx_word' id='word_1_103' title='bbox 1169 1824 1247 1887; x_wconf 85' lang='lat' dir='ltr'>enirn</span> 
     </span>
     <span class='ocr_line' id='line_1_15' title="bbox 144 1914 1247 2000; baseline 0.001 -24"><span class='ocrx_word' id='word_1_104' title='bbox 144 1914 287 1996; x_wconf 87' lang='lat' dir='ltr'>angelus</span> <span class='ocrx_word' id='word_1_105' title='bbox 309 1914 446 1979; x_wconf 87' lang='lat' dir='ltr'>Gabriel</span> <span class='ocrx_word' id='word_1_106' title='bbox 469 1917 513 1979; x_wconf 90' lang='lat' dir='ltr'>ad</span> <span class='ocrx_word' id='word_1_107' title='bbox 537 1916 690 1991; x_wconf 87' lang='lat' dir='ltr'>Mariam,</span> <span class='ocrx_word' id='word_1_108' title='bbox 713 1914 902 1980; x_wconf 72' lang='lat' dir='ltr'>“Sanctum</span> <span class='ocrx_word' id='word_1_109' title='bbox 925 1918 1017 2000; x_wconf 92' lang='lat' dir='ltr'>quod</span> <span class='ocrx_word' id='word_1_110' title='bbox 1042 1920 1192 1982; x_wconf 88' lang='lat' dir='ltr'>nascitur</span> <span class='ocrx_word' id='word_1_111' title='bbox 1210 1936 1247 1979; x_wconf 86' lang='lat' dir='ltr'>ex</span> 
     </span>
     <span class='ocr_line' id='line_1_16' title="bbox 144 2008 1247 2093; baseline 0.002 -23"><span class='ocrx_word' id='word_1_112' title='bbox 144 2021 179 2071; x_wconf 90' lang='lat' dir='ltr'>te</span> <span class='ocrx_word' id='word_1_113' title='bbox 199 2009 375 2073; x_wconf 86' lang='lat' dir='ltr'>vocabitur</span> <span class='ocrx_word' id='word_1_114' title='bbox 394 2010 498 2073; x_wconf 87' lang='lat' dir='ltr'>Filius</span> <span class='ocrx_word' id='word_1_115' title='bbox 518 2010 581 2073; x_wconf 92' lang='lat' dir='ltr'>Dei</span> <span class='ocrx_word' id='word_1_116' title='bbox 595 2011 622 2088; x_wconf 87' lang='grc'>;”</span> <span class='ocrx_word' id='word_1_117' title='bbox 644 2022 680 2074; x_wconf 90' lang='lat' dir='ltr'>et</span> <span class='ocrx_word' id='word_1_118' title='bbox 699 2008 862 2075; x_wconf 69' lang='lat' dir='ltr'>Sanctum</span> <span class='ocrx_word' id='word_1_119' title='bbox 881 2011 971 2093; x_wconf 92' lang='lat' dir='ltr'>quod</span> <span class='ocrx_word' id='word_1_120' title='bbox 990 2013 1196 2076; x_wconf 85' lang='lat' dir='ltr'>nascebatur</span> <span class='ocrx_word' id='word_1_121' title='bbox 1210 2030 1247 2074; x_wconf 86' lang='lat' dir='ltr'>ex</span> 
     </span>
     <span class='ocr_line' id='line_1_17' title="bbox 145 2102 1059 2186; baseline 0.003 -21"><span class='ocrx_word' id='word_1_122' title='bbox 145 2102 251 2166; x_wconf 87' lang='lat' dir='ltr'>Maria</span> <span class='ocrx_word' id='word_1_123' title='bbox 269 2102 329 2169; x_wconf 82' lang='lat' dir='ltr'>luit</span> <span class='ocrx_word' id='word_1_124' title='bbox 351 2103 545 2166; x_wconf 87' lang='lat' dir='ltr'>Humanum</span> <span class='ocrx_word' id='word_1_125' title='bbox 565 2105 597 2166; x_wconf 92' lang='lat' dir='ltr'>in</span> <span class='ocrx_word' id='word_1_126' title='bbox 617 2124 684 2186; x_wconf 90' lang='lat' dir='ltr'>quo</span> <span class='ocrx_word' id='word_1_127' title='bbox 703 2104 863 2168; x_wconf 88' lang='lat' dir='ltr'>Divinum</span> <span class='ocrx_word' id='word_1_128' title='bbox 881 2126 928 2169; x_wconf 90' lang='lat' dir='ltr'>ex</span> <span class='ocrx_word' id='word_1_129' title='bbox 948 2105 1059 2170; x_wconf 86' lang='lat' dir='ltr'>Patre.</span> 
     </span>
    </p>
   </div>
   <div class='ocr_carea' id='block_1_4' title="bbox 490 2636 910 2701">
    <p class='ocr_par' dir='ltr' id='par_1_5' title="bbox 490 2636 910 2701">
     <span class='ocr_line' id='line_1_18' title="bbox 490 2636 910 2701; baseline -0.005 0"><span class='ocrx_word' id='word_1_130' title='bbox 490 2637 648 2701; x_wconf 87' lang='lat' dir='ltr'><strong>CAPUT</strong></span> <span class='ocrx_word' id='word_1_131' title='bbox 679 2636 910 2701; x_wconf 86' lang='lat' dir='ltr'>TERTIUM.</span> 
     </span>
    </p>
   </div>
   <div class='ocr_carea' id='block_1_5' title="bbox 145 2869 1245 3026">
    <p class='ocr_par' dir='ltr' id='par_1_6' title="bbox 145 2869 1245 3026">
     <span class='ocr_line' id='line_1_19' title="bbox 145 2869 1245 2953; baseline -0.005 -17"><span class='ocrx_word' id='word_1_132' title='bbox 145 2871 256 2953; x_wconf 83' lang='lat' dir='ltr'>Quor&gt;</span> <span class='ocrx_word' id='word_1_133' title='bbox 280 2885 381 2934; x_wconf 75' lang='lat' dir='ltr'>nura</span> <span class='ocrx_word' id='word_1_134' title='bbox 412 2884 578 2934; x_wconf 70' lang='lat' dir='ltr'>nunnoni</span> <span class='ocrx_word' id='word_1_135' title='bbox 601 2884 782 2934; x_wconf 68' lang='lat' dir='ltr'>eueniunt</span> <span class='ocrx_word' id='word_1_136' title='bbox 806 2883 885 2933; x_wconf 76' lang='lat' dir='ltr'>Nou</span> <span class='ocrx_word' id='word_1_137' title='bbox 910 2884 1048 2934; x_wconf 75' lang='lat' dir='ltr'>Fuunir</span> <span class='ocrx_word' id='word_1_138' title='bbox 1072 2869 1245 2932; x_wconf 78' lang='lat' dir='ltr'>annnu</span> 
     </span>
     <span class='ocr_line' id='line_1_20' title="bbox 658 2965 739 3026; baseline 0 0"><span class='ocrx_word' id='word_1_139' title='bbox 658 2965 739 3026; x_wconf 76' lang='lat' dir='ltr'>Dal.</span> 
     </span>
    </p>
   </div>
   <div class='ocr_carea' id='block_1_6' title="bbox 143 3146 1243 4071">
    <p class='ocr_par' dir='ltr' id='par_1_7' title="bbox 143 3146 1243 3970">
     <span class='ocr_line' id='line_1_21' title="bbox 210 3146 1243 3230; baseline -0.007 -19"><span class='ocrx_word' id='word_1_140' title='bbox 210 3166 234 3211; x_wconf 88' lang='lat'>1.</span> <span class='ocrx_word' id='word_1_141' title='bbox 267 3147 367 3230; x_wconf 86' lang='lat' dir='ltr'>Quod</span> <span class='ocrx_word' id='word_1_142' title='bbox 388 3149 479 3210; x_wconf 89' lang='lat' dir='ltr'>Deus</span> <span class='ocrx_word' id='word_1_143' title='bbox 499 3149 542 3211; x_wconf 89' lang='lat' dir='ltr'>sit</span> <span class='ocrx_word' id='word_1_144' title='bbox 563 3167 657 3221; x_wconf 68' lang='lat' dir='ltr'>unus⁸</span> <span class='ocrx_word' id='word_1_145' title='bbox 672 3147 843 3230; x_wconf 89' lang='lat' dir='ltr'>Scriptura</span> <span class='ocrx_word' id='word_1_146' title='bbox 863 3146 966 3211; x_wconf 88' lang='lat' dir='ltr'>Sacra</span> <span class='ocrx_word' id='word_1_147' title='bbox 985 3148 1100 3220; x_wconf 83' lang='lat' dir='ltr'>docet,</span> <span class='ocrx_word' id='word_1_148' title='bbox 1115 3156 1150 3209; x_wconf 91' lang='lat' dir='ltr'>et</span> <span class='ocrx_word' id='word_1_149' title='bbox 1168 3146 1243 3208; x_wconf 90' lang='lat' dir='ltr'>ratio</span> 
     </span>
     <span class='ocr_line' id='line_1_22' title="bbox 143 3239 1242 3323; baseline -0.008 -18"><span class='ocrx_word' id='word_1_150' title='bbox 143 3243 327 3306; x_wconf 86' lang='lat' dir='ltr'>aDomino</span> <span class='ocrx_word' id='word_1_151' title='bbox 356 3242 525 3304; x_wconf 86' lang='lat' dir='ltr'>illustrata</span> <span class='ocrx_word' id='word_1_152' title='bbox 555 3243 599 3304; x_wconf 90' lang='lat' dir='ltr'>ibi</span> <span class='ocrx_word' id='word_1_153' title='bbox 630 3253 665 3305; x_wconf 92' lang='lat' dir='ltr'>et</span> <span class='ocrx_word' id='word_1_154' title='bbox 695 3242 773 3304; x_wconf 88' lang='lat' dir='ltr'>inde</span> <span class='ocrx_word' id='word_1_155' title='bbox 803 3242 905 3304; x_wconf 87' lang='lat' dir='ltr'>videt.</span> <span class='ocrx_word' id='word_1_156' title='bbox 962 3241 1013 3303; x_wconf 87' lang='lat' dir='ltr'>At</span> <span class='ocrx_word' id='word_1_157' title='bbox 1045 3241 1133 3323; x_wconf 90' lang='lat' dir='ltr'>quod</span> <span class='ocrx_word' id='word_1_158' title='bbox 1163 3239 1242 3300; x_wconf 91' lang='lat' dir='ltr'>Deus</span> 
     </span>
     <span class='ocr_line' id='line_1_23' title="bbox 143 3331 1241 3416; baseline -0.007 -17"><span class='ocrx_word' id='word_1_159' title='bbox 143 3335 266 3400; x_wconf 74' lang='lat' dir='ltr'>¹¹¹luerit</span> <span class='ocrx_word' id='word_1_160' title='bbox 298 3338 426 3399; x_wconf 90' lang='lat' dir='ltr'>triunus</span> <span class='ocrx_word' id='word_1_161' title='bbox 456 3347 538 3399; x_wconf 91' lang='lat' dir='ltr'>ante</span> <span class='ocrx_word' id='word_1_162' title='bbox 569 3336 730 3399; x_wconf 91' lang='lat' dir='ltr'>mundum</span> <span class='ocrx_word' id='word_1_163' title='bbox 762 3344 925 3406; x_wconf 85' lang='lat' dir='ltr'>creatum,</span> <span class='ocrx_word' id='word_1_164' title='bbox 953 3333 1128 3416; x_wconf 79' lang='lat' dir='ltr'>Scriptura</span> <span class='ocrx_word' id='word_1_165' title='bbox 1153 3331 1241 3396; x_wconf 85' lang='lat' dir='ltr'>Sacra</span> 
     </span>
     <span class='ocr_line' id='line_1_24' title="bbox 144 3421 1238 3509; baseline -0.007 -16"><span class='ocrx_word' id='word_1_166' title='bbox 144 3451 211 3493; x_wconf 89' lang='lat' dir='ltr'>non</span> <span class='ocrx_word' id='word_1_167' title='bbox 230 3431 344 3502; x_wconf 85' lang='lat' dir='ltr'>docet,</span> <span class='ocrx_word' id='word_1_168' title='bbox 365 3440 400 3493; x_wconf 92' lang='lat' dir='ltr'>et</span> <span class='ocrx_word' id='word_1_169' title='bbox 420 3432 507 3493; x_wconf 90' lang='lat' dir='ltr'>ratio</span> <span class='ocrx_word' id='word_1_170' title='bbox 526 3431 604 3492; x_wconf 90' lang='lat' dir='ltr'>inde</span> <span class='ocrx_word' id='word_1_171' title='bbox 623 3429 792 3491; x_wconf 87' lang='lat' dir='ltr'>illustrata</span> <span class='ocrx_word' id='word_1_172' title='bbox 812 3447 879 3490; x_wconf 92' lang='lat' dir='ltr'>non</span> <span class='ocrx_word' id='word_1_173' title='bbox 898 3428 1001 3490; x_wconf 89' lang='lat' dir='ltr'>videt.</span> <span class='ocrx_word' id='word_1_174' title='bbox 1049 3426 1148 3509; x_wconf 87' lang='lat' dir='ltr'>Quod</span> <span class='ocrx_word' id='word_1_175' title='bbox 1166 3421 1238 3506; x_wconf 88' lang='lat' dir='ltr'>apud</span> 
     </span>
     <span class='ocr_line' id='line_1_25' title="bbox 143 3515 1238 3602; baseline -0.005 -16"><span class='ocrx_word' id='word_1_176' title='bbox 143 3525 306 3586; x_wconf 84' lang='lat' dir='ltr'>Davidem</span> <span class='ocrx_word' id='word_1_177' title='bbox 325 3526 456 3587; x_wconf 86' lang='lat' dir='ltr'>dicatur</span> <span class='ocrx_word' id='word_1_178' title='bbox 475 3525 518 3586; x_wconf 92' lang='lat' dir='ltr'>de</span> <span class='ocrx_word' id='word_1_179' title='bbox 542 3523 639 3595; x_wconf 86' lang='lat' dir='ltr'>Filio,</span> <span class='ocrx_word' id='word_1_180' title='bbox 662 3522 806 3584; x_wconf 86' lang='lat' dir='ltr'>“Hodie</span> <span class='ocrx_word' id='word_1_181' title='bbox 829 3523 930 3602; x_wconf 89' lang='lat' dir='ltr'>genui</span> <span class='ocrx_word' id='word_1_182' title='bbox 949 3521 1031 3595; x_wconf 83' lang='lat' dir='ltr'>Te,&#39;’</span> <span class='ocrx_word' id='word_1_183' title='bbox 1047 3542 1116 3584; x_wconf 90' lang='lat' dir='ltr'>non</span> <span class='ocrx_word' id='word_1_184' title='bbox 1137 3531 1186 3583; x_wconf 87' lang='lat' dir='ltr'>est</span> <span class='ocrx_word' id='word_1_185' title='bbox 1205 3515 1238 3578; x_wconf 85' lang='lat' dir='ltr'>ab</span> 
     </span>
     <span class='ocr_line' id='line_1_26' title="bbox 143 3611 1235 3699; baseline -0.008 -20"><span class='ocrx_word' id='word_1_186' title='bbox 143 3631 294 3689; x_wconf 86' lang='lat' dir='ltr'>aeterno,</span> <span class='ocrx_word' id='word_1_187' title='bbox 319 3619 379 3680; x_wconf 91' lang='lat' dir='ltr'>sed</span> <span class='ocrx_word' id='word_1_188' title='bbox 403 3620 436 3680; x_wconf 92' lang='lat' dir='ltr'>in</span> <span class='ocrx_word' id='word_1_189' title='bbox 460 3616 671 3699; x_wconf 91' lang='lat' dir='ltr'>plenitudine</span> <span class='ocrx_word' id='word_1_190' title='bbox 695 3617 878 3696; x_wconf 89' lang='lat' dir='ltr'>temporis:</span> <span class='ocrx_word' id='word_1_191' title='bbox 907 3627 1087 3679; x_wconf 90' lang='lat' dir='ltr'>venturum</span> <span class='ocrx_word' id='word_1_192' title='bbox 1111 3617 1192 3677; x_wconf 89' lang='lat' dir='ltr'>enim</span> <span class='ocrx_word' id='word_1_193' title='bbox 1212 3611 1235 3670; x_wconf 88' lang='lat' dir='ltr'>in</span> 
     </span>
     <span class='ocr_line' id='line_1_27' title="bbox 144 3707 1232 3792; baseline -0.002 -20"><span class='ocrx_word' id='word_1_194' title='bbox 144 3710 219 3773; x_wconf 93' lang='lat' dir='ltr'>Deo</span> <span class='ocrx_word' id='word_1_195' title='bbox 233 3721 286 3774; x_wconf 91' lang='lat' dir='ltr'>est</span> <span class='ocrx_word' id='word_1_196' title='bbox 303 3732 474 3792; x_wconf 81' lang='lat' dir='ltr'>praesens.</span> <span class='ocrx_word' id='word_1_197' title='bbox 489 3713 536 3773; x_wconf 92' lang='lat' dir='ltr'>ita</span> <span class='ocrx_word' id='word_1_198' title='bbox 553 3710 673 3786; x_wconf 91' lang='lat' dir='ltr'>hodie;</span> <span class='ocrx_word' id='word_1_199' title='bbox 696 3709 851 3772; x_wconf 86' lang='lat' dir='ltr'>similiter</span> <span class='ocrx_word' id='word_1_200' title='bbox 863 3719 900 3771; x_wconf 89' lang='lat' dir='ltr'>ut</span> <span class='ocrx_word' id='word_1_201' title='bbox 918 3709 982 3772; x_wconf 92' lang='lat' dir='ltr'>hoc</span> <span class='ocrx_word' id='word_1_202' title='bbox 998 3710 1088 3791; x_wconf 87' lang='lat' dir='ltr'>apud</span> <span class='ocrx_word' id='word_1_203' title='bbox 1103 3707 1232 3771; x_wconf 68' lang='lat' dir='ltr'>Esaiam.</span> 
     </span>
     <span class='ocr_line' id='line_1_28' title="bbox 144 3803 1232 3884; baseline -0.006 -18"><span class='ocrx_word' id='word_1_204' title='bbox 144 3804 258 3867; x_wconf 82' lang='lat' dir='ltr'>“Puer</span> <span class='ocrx_word' id='word_1_205' title='bbox 275 3816 372 3867; x_wconf 90' lang='lat' dir='ltr'>natus</span> <span class='ocrx_word' id='word_1_206' title='bbox 389 3814 442 3867; x_wconf 90' lang='lat' dir='ltr'>est</span> <span class='ocrx_word' id='word_1_207' title='bbox 460 3806 566 3877; x_wconf 85' lang='lat' dir='ltr'>nobis,</span> <span class='ocrx_word' id='word_1_208' title='bbox 586 3805 689 3867; x_wconf 86' lang='lat' dir='ltr'>Filius</span> <span class='ocrx_word' id='word_1_209' title='bbox 708 3803 808 3865; x_wconf 92' lang='lat' dir='ltr'>datus</span> <span class='ocrx_word' id='word_1_210' title='bbox 824 3813 878 3865; x_wconf 87' lang='lat' dir='ltr'>est</span> <span class='ocrx_word' id='word_1_211' title='bbox 897 3803 1004 3877; x_wconf 89' lang='lat' dir='ltr'>nobis,</span> <span class='ocrx_word' id='word_1_212' title='bbox 1022 3803 1115 3884; x_wconf 89' lang='lat' dir='ltr'>cujus</span> <span class='ocrx_word' id='word_1_213' title='bbox 1131 3814 1232 3864; x_wconf 87' lang='lat' dir='ltr'>nomen</span> 
     </span>
     <span class='ocr_line' id='line_1_29' title="bbox 143 3896 770 3970; baseline -0.003 -10"><span class='ocrx_word' id='word_1_214' title='bbox 143 3898 245 3970; x_wconf 87' lang='lat' dir='ltr'>Deus,</span> <span class='ocrx_word' id='word_1_215' title='bbox 271 3896 393 3969; x_wconf 55' lang='lat' dir='ltr'>Heron</span> <span class='ocrx_word' id='word_1_216' title='bbox 408 3896 508 3961; x_wconf 91' lang='lat' dir='ltr'>Pater</span> <span class='ocrx_word' id='word_1_217' title='bbox 526 3896 770 3960; x_wconf 88' lang='lat' dir='ltr'>aeternitatis.”</span> 
     </span>
    </p>

    <p class='ocr_par' dir='ltr' id='par_1_8' title="bbox 205 3985 1231 4071">
     <span class='ocr_line' id='line_1_30' title="bbox 205 3985 1231 4071; baseline -0.009 -18"><span class='ocrx_word' id='word_1_218' title='bbox 205 4007 233 4053; x_wconf 87' lang='lat'>2.</span> <span class='ocrx_word' id='word_1_219' title='bbox 265 3989 361 4071; x_wconf 85' lang='lat' dir='ltr'>Quae</span> <span class='ocrx_word' id='word_1_220' title='bbox 375 4010 471 4053; x_wconf 88' lang='lat' dir='ltr'>mens</span> <span class='ocrx_word' id='word_1_221' title='bbox 483 3990 669 4064; x_wconf 84' lang='lat' dir='ltr'>rationalis,</span> <span class='ocrx_word' id='word_1_222' title='bbox 684 3990 763 4052; x_wconf 90' lang='lat' dir='ltr'>dum</span> <span class='ocrx_word' id='word_1_223' title='bbox 780 3990 873 4052; x_wconf 90' lang='lat' dir='ltr'>audit</span> <span class='ocrx_word' id='word_1_224' title='bbox 890 3989 980 4070; x_wconf 93' lang='lat' dir='ltr'>quod</span> <span class='ocrx_word' id='word_1_225' title='bbox 996 4000 1079 4054; x_wconf 90' lang='lat' dir='ltr'>ante</span> <span class='ocrx_word' id='word_1_226' title='bbox 1095 3985 1231 4052; x_wconf 85' lang='lat' dir='ltr'>mundum</span> 
     </span>
    </p>
   </div>
   <div class='ocr_carea' id='block_1_7' title="bbox 141 4082 1231 4449">
    <p class='ocr_par' dir='ltr' id='par_1_9' title="bbox 141 4082 1231 4449">
     <span class='ocr_line' id='line_1_31' title="bbox 142 4082 1229 4168; baseline -0.006 -21"><span class='ocrx_word' id='word_1_227' title='bbox 142 4094 293 4147; x_wconf 89' lang='lat' dir='ltr'>creatum</span> <span class='ocrx_word' id='word_1_228' title='bbox 317 4085 437 4148; x_wconf 88' lang='lat' dir='ltr'>suerint</span> <span class='ocrx_word' id='word_1_229' title='bbox 462 4095 531 4147; x_wconf 87' lang='lat' dir='ltr'>tres</span> <span class='ocrx_word' id='word_1_230' title='bbox 556 4084 697 4147; x_wconf 84' lang='lat' dir='ltr'>Divinae</span> <span class='ocrx_word' id='word_1_231' title='bbox 721 4083 899 4168; x_wconf 65' lang='lat' dir='ltr'>Personae,</span> <span class='ocrx_word' id='word_1_232' title='bbox 920 4085 1116 4146; x_wconf 88' lang='lat' dir='ltr'>nominatae</span> <span class='ocrx_word' id='word_1_233' title='bbox 1143 4082 1229 4144; x_wconf 80' lang='lat' dir='ltr'>Pater.</span> 
     </span>
     <span class='ocr_line' id='line_1_32' title="bbox 142 4169 1230 4259; baseline -0.006 -19"><span class='ocrx_word' id='word_1_234' title='bbox 142 4179 256 4252; x_wconf 85' lang='lat' dir='ltr'>Filius,</span> <span class='ocrx_word' id='word_1_235' title='bbox 277 4189 311 4241; x_wconf 89' lang='lat' dir='ltr'>et</span> <span class='ocrx_word' id='word_1_236' title='bbox 331 4177 474 4259; x_wconf 85' lang='lat' dir='ltr'>Spiritus</span> <span class='ocrx_word' id='word_1_237' title='bbox 493 4177 647 4249; x_wconf 48' lang='lat' dir='ltr'>Sanctus</span> <span class='ocrx_word' id='word_1_238' title='bbox 669 4198 736 4240; x_wconf 94' lang='lat' dir='ltr'>non</span> <span class='ocrx_word' id='word_1_239' title='bbox 757 4196 870 4239; x_wconf 90' lang='lat' dir='ltr'>secum</span> <span class='ocrx_word' id='word_1_240' title='bbox 892 4173 1001 4240; x_wconf 79' lang='lat' dir='ltr'>¹²¹dicit</span> <span class='ocrx_word' id='word_1_241' title='bbox 1021 4178 1101 4239; x_wconf 89' lang='lat' dir='ltr'>dum</span> <span class='ocrx_word' id='word_1_242' title='bbox 1123 4177 1163 4239; x_wconf 92' lang='lat' dir='ltr'>de</span> <span class='ocrx_word' id='word_1_243' title='bbox 1183 4169 1230 4233; x_wconf 74' lang='lat' dir='ltr'>illis</span> 
     </span>
     <span class='ocr_line' id='line_1_33' title="bbox 141 4260 1230 4354; baseline -0.005 -19"><span class='ocrx_word' id='word_1_244' title='bbox 141 4274 283 4354; x_wconf 85' lang='lat' dir='ltr'>cogitat,</span> <span class='ocrx_word' id='word_1_245' title='bbox 306 4271 425 4352; x_wconf 88' lang='lat' dir='ltr'>“Quid</span> <span class='ocrx_word' id='word_1_246' title='bbox 445 4282 509 4344; x_wconf 90' lang='lat' dir='ltr'>est,</span> <span class='ocrx_word' id='word_1_247' title='bbox 529 4271 620 4353; x_wconf 91' lang='lat' dir='ltr'>quod</span> <span class='ocrx_word' id='word_1_248' title='bbox 640 4271 743 4333; x_wconf 87' lang='lat' dir='ltr'>Filius</span> <span class='ocrx_word' id='word_1_249' title='bbox 763 4281 863 4333; x_wconf 88' lang='lat' dir='ltr'>natus</span> <span class='ocrx_word' id='word_1_250' title='bbox 882 4271 926 4332; x_wconf 88' lang='lat' dir='ltr'>sit</span> <span class='ocrx_word' id='word_1_251' title='bbox 949 4289 969 4332; x_wconf 92' lang='lat' dir='ltr'>a</span> <span class='ocrx_word' id='word_1_252' title='bbox 993 4269 1070 4333; x_wconf 90' lang='lat' dir='ltr'>Deo</span> <span class='ocrx_word' id='word_1_253' title='bbox 1090 4271 1182 4332; x_wconf 90' lang='lat' dir='ltr'>Patre</span> <span class='ocrx_word' id='word_1_254' title='bbox 1199 4260 1230 4324; x_wconf 80' lang='lat' dir='ltr'>ab</span> 
     </span>
     <span class='ocr_line' id='line_1_34' title="bbox 141 4363 1231 4449; baseline -0.007 -20"><span class='ocrx_word' id='word_1_255' title='bbox 141 4367 303 4432; x_wconf 84' lang='lat' dir='ltr'>aeterno?</span> <span class='ocrx_word' id='word_1_256' title='bbox 330 4378 365 4430; x_wconf 90' lang='lat' dir='ltr'>et</span> <span class='ocrx_word' id='word_1_257' title='bbox 389 4367 562 4449; x_wconf 90' lang='lat' dir='ltr'>quomodo</span> <span class='ocrx_word' id='word_1_258' title='bbox 581 4367 691 4447; x_wconf 91' lang='lat' dir='ltr'>potuit</span> <span class='ocrx_word' id='word_1_259' title='bbox 712 4365 827 4428; x_wconf 88' lang='lat' dir='ltr'>nasci?</span> <span class='ocrx_word' id='word_1_260' title='bbox 852 4374 924 4427; x_wconf 90' lang='lat' dir='ltr'>tum</span> <span class='ocrx_word' id='word_1_261' title='bbox 941 4365 1020 4447; x_wconf 90' lang='lat' dir='ltr'>quid</span> <span class='ocrx_word' id='word_1_262' title='bbox 1039 4376 1093 4428; x_wconf 86' lang='lat' dir='ltr'>est</span> <span class='ocrx_word' id='word_1_263' title='bbox 1112 4363 1231 4445; x_wconf 81' lang='lat' dir='ltr'>Spiritus</span> 
     </span>
    </p>
   </div>
   <div class='ocr_carea' id='block_1_8' title="bbox 0 0 1392 5040">
    <p class='ocr_par' dir='ltr' id='par_1_10' title="bbox 0 0 1392 5040">
     <span class='ocr_line' id='line_1_35' title="bbox 0 0 1392 5040; baseline 0 1"><span class='ocrx_word' id='word_1_264' title='bbox 0 0 1392 5040; x_wconf 95' lang='lat' dir='ltr'> </span> 
     </span>
    </p>
   </div>
  </div>
 </body>
</html>
