2858 5046
173 483 234 549 142
358 505 361 510 ·
493 481 544 532 DE
566 480 672 534 Nova
695 479 971 534 HIEROSOLVHA

170 649 345 725 naturalis,
369 669 430 732 pro
453 649 665 714 hominibus:
693 651 772 714 inde
795 660 848 715 est
871 650 962 734 quod
985 647 1178 732 conjunctio
1200 648 1288 716 caeli

170 762 247 807 cum
266 743 404 808 homine
423 744 467 808 sit
486 764 545 826 per
563 743 727 808 Verbum.

229 853 325 921 253·
347 838 541 902 Genuinum
557 859 695 902 sensum
704 838 811 902 Verbi
822 859 891 902 non
903 839 1106 921 intelligunt
1117 839 1175 903 alii
1185 859 1288 924 quam

170 931 226 1013 qui
245 930 405 994 illustrati
423 941 523 1008 sunt3
546 951 586 994 ac
606 930 820 994 illustrantur
838 930 886 993 illi
906 932 1027 1005 solum,
1044 932 1100 1014 qui
1119 932 1152 995 in
1172 952 1289 997 amore
1320 931 1329 951 ⁶

170 1034 206 1088 et
223 1022 288 1087 fide
303 1034 383 1089 sunt
399 1024 432 1087 in
450 1024 654 1101 Dominum;
678 1023 812 1087 illorum
830 1026 920 1087 enim
936 1025 1099 1088 interiora
1110 1024 1291 1089 elevantur

170 1138 191 1181 a
209 1117 358 1181 Domino
377 1119 411 1181 in
429 1117 540 1183 lucem
560 1118 656 1182 caeli.

209 1227 306 1297 254.
334 1211 487 1276 Verbum
510 1214 544 1276 in
567 1213 684 1278 littera
706 1231 774 1276 non
798 1223 915 1294 potest
937 1215 1013 1296 capi
1036 1214 1099 1278 nisi
1121 1234 1183 1297 per
1203 1215 1289 1280 doc·

171 1307 295 1370 trinam
315 1327 359 1370 ex
379 1305 497 1369 Verbo
519 1326 578 1388 per
597 1306 805 1369 illustratum
825 1303 959 1369 laetam.
1005 1305 1131 1370 Sensus
1151 1307 1289 1372 litterae

170 1399 242 1481 ejus
257 1400 537 1464 accommodatus
553 1409 606 1464 est
623 1400 737 1481 captui
753 1400 928 1462 hominum
941 1401 1046 1462 etiam
1062 1398 1265 1482 simplicium
1279 1418 1288 1477 ;

171 1515 273 1578 quare
292 1491 448 1558 doetrina
466 1514 485 1558 e
503 1493 621 1558 Verbo
639 1495 704 1558 erit
723 1494 789 1556 illis
808 1514 869 1577 pro
889 1493 1036 1556 lucerna.

571 1689 610 1742 tux
620 1699 716 1732 muts
725 1695 886 1741 manum)

170 1808 258 1872 ²³³·
281 1799 328 1854 De
348 1799 436 1853 Verbi
445 1798 622 1853 Necessitate
632 1804 661 1853 et
672 1799 870 1852 Praestantr'a.

224 1916 313 1990 Quod
332 1935 368 1974 ex
387 1918 499 1973 lumine
518 1916 649 1974 Naturae
667 1919 741 1973 nihil
760 1920 871 1974 sciatur
886 1919 924 1973 de
944 1917 1084 1980 Domino,
1098 1916 1137 1971 de
1155 1917 1239 1972 caelo
1257 1927 1289 1972 et

171 1988 295 2051 interno.
308 1989 346 2045 de
360 1989 423 2043 vita
441 1979 571 2044 hominis
586 1999 654 2060 post
669 1999 804 2050 mortem,
815 1998 845 2043 et
864 1989 901 2042 de
921 1987 1038 2042 Divinis
1050 1987 1128 2042 veris
1147 2003 1200 2058 per
1212 2003 1289 2059 quse

171 2059 285 2114 bomini
297 2060 360 2114 vita
371 2058 533 2129 spiritualis
545 2068 577 2114 et
588 2069 709 2114 aeterna
723 2060 763 2126 (n.
776 2058 853 2126 8944,
870 2058 1081 2127 10318-10320).

224 2127 313 2202 Quod
327 2129 358 2184 id
370 2138 507 2184 constare
519 2130 614 2200 possit
626 2145 663 2184 ex
675 2130 837 2199 eo‚-quod
874 2129 959 2190 lures,
973 2140 1003 2183 et
1016 2128 1157 2183 intereos
1170 2127 1288 2189 eruditi¹

170 2201 370 2324 poullcredant
388 2199 446 2262 illa,
458 2198 577 2255 tametsi
596 2199 658 2253 nati
676 2209 748 2254 sunt
766 2199 816 2253 ubi
861 2200 972 2260 erbum,
985 2208 1016 2253 et
1034 2214 1087 2270 per
1100 2197 1130 2252 id
1150 2195 1288 2253 instructi

192 2285 230 2325 er
254 2286 279 2325 rs
305 2286 333 2324 n.
350 2284 383 2323 ro
403 2283 412 2321 1
448 2309 455 2323 .

224 2272 312 2410 Quoli
329 2284 399 2394 ider}
410 2271 564 2394 xllcessum
577 2338 665 2394 fuerit
678 2350 712 2393 ut
726 2340 825 2410 aliqua
837 2339 979 2394 revelatio
991 2347 1070 2394 esset
1085 2354 1102 2394 e
1115 2338 1208 2402 caelo,
1218 2336 1290 2409 quia

172 2410 264 2465 bomo
276 2409 315 2464 ad
327 2410 442 2464 caelum
456 2420 602 2464 natusest
617 2412 656 2478 (n.
673 2411 760 2478 1775).

253 2480 313 2535 uod
326 2479 396 2534 ideo
407 2479 489 2534 omni
505 2489 639 2551 tempore
652 2479 740 2534 luerit
753 2480 896 2533 revelatio
909 2482 947 2546 (n.
963 2478 1052 2548 2895).

278 2548 367 2604 variis
376 2549 564 2604 revelationis
573 2550 728 2620 speciebus
739 2549 768 2602 in
781 2550 837 2603 bac
846 2550 951 2603 tellure
961 2547 1126 2604 successive
1140 2549 1181 2616 (n.
1194 2560 1288 2618 10355,

173 2620 313 2762 106{blod
327 2688 548 2759 antiquissimis.
561 2689 612 2761 qui
627 2699 696 2744 ante
711 2690 863 2750 diluvium.
877 2704 1003 2759 quorum
1016 2699 1134 2758 tempus
1147 2697 1289 2741 vocatum

171 2770 218 2815 est
236 2761 385 2815 saeculum
405 2775 535 2821 aureum.
549 2759 638 2814 luerit
653 2759 794 2814 revelatio
814 2759 992 2820 immediata,
1008 2769 1039 2814 et
1055 2758 1124 2813 inde
1144 2756 1288 2812 Divinum

171 2830 283 2885 Verum
297 2829 384 2884 inscri
406 2839 471 2883 tum
484 2830 626 2884 cordibus
637 2846 740 2884 eorum
757 2832 797 2897 (n.
809 2829 898 2897 2896).

170 2969 198 3025 V
224 2899 313 3024 §guod
334 2899 363 2954 in
391 2899 524 3024 Ηηῑίᾳυῇε
545 2900 691 2962 scelestis,
706 2916 782 2970 quae
801 2899 921 2980 luerunt
942 2897 1182 3022 pozstaegliluvium
1198 2895 1288 2952 luerit

169 2980 401 3102 ὼὲἓὶὲἶηήῗὲηω
411 2980 575 3108 peppsscum
588 2987 677 3041 quam
692 2970 903 3040 Prophetrcum
920 2972 958 3037 (n.
1040 2969 1142 3037 ,2897,
1158 2973 1289 3031 dequibus

225 3111 314 3184 Quod
334 3112 474 3166 historica
492 3111 557 3182 ejus
575 3107 655 3164 dieta
680 3109 789 3164 luerint
806 3111 889 3163 Bella
914 3108 1046 3181 Jehovae,
1060 3117 1091 3162 et
1112 3107 1290 3178 prophetica

170 3183 338 3238 Enuntriata
356 3184 396 3250 (n.
409 3182 499 3249 2897).

223 3252 313 3326 Quod
327 3252 356 3307 id
370 3252 501 3306 Verbum
515 3251 605 3305 luerit
617 3251 712 3306 simile
726 3262 828 3306 nostro
838 3250 938 3304 Verbo
950 3249 1048 3320 quoad
1062 3248 1288 3320 inspirationem

173 3326 213 3394 (n.
224 3323 317 3518 {ligii
329 3392 358 3447 id
373 3400 569 3475 memoratum
582 3391 622 3445 sit
633 3407 652 3444 a
665 3389 750 3473 Mose
764 3393 807 3473 (m
818 3390 895 3452 2686,
909 3390 999 3459 2897).

247 3465 285 3518 ed
297 3462 379 3534 quod
393 3463 423 3517 td
436 3461 567 3516 Verbum
581 3461 769 3530 deperditum
784 3471 823 3516 sit
838 3465 877 3528 (n.
892 3461 982 3528 2897).

224 3532 314 3607 Quod
336 3533 432 3615 etiam·
448 3548 503 3615 pro
519 3532 639 3614 'beticae
658 3531 853 3587 revelationes
877 3531 956 3601 apud
981 3530 1055 3585 alios
1076 3529 1194 3592 luerint,
1209 3528 1289 3584 sicut

172 3615 254 3677 patet
265 3620 284 3659 a
296 3603 477 3676 prophettcts
518 3602 616 3656 rleamt
630 3602 670 3670 (n.
684 3601 774 3670 2898).

224 3731 313 3804 Quod
329 3732 460 3787 Verbum
479 3732 519 3788 sit
539 3731 680 3786 Divinum
701 3732 730 3785 in
749 3732 887 3786 omnibus
900 3741 936 3785 et
954 3730 1078 3802 singulis
1098 3733 1138 3800 (n.
1153 3731 1213 3800 639,
1227 3730 1289 3793 680,

174 3802 456 3997 ¹⁰³{urld06lllelbum
474 3873 513 3959 sit
531 3873 630 3958 quoad
650 3888 769 3927 omnem
788 3871 903 3942 jotham
923 3883 954 3926 et
969 3871 1083 3942 apicem
1100 3868 1242 3925 Divinum
1258 3882 1290 3927 et

139 4085 143 4095 ι
171 3941 909 4098 sfuthlclflnlldlo‘Zpllgttlrl'llotlffltlgduilllrbum
924 4011 1022 4082 quoad
1038 4027 1158 4066 omnem
1171 4011 1288 4081 jotham

169 4094 209 4141 stt
223 4095 399 4156 inspiratum
414 4087 454 4154 (n.
471 4083 559 4152 1886).

221 4203 313 4329 guod
326 4203 452 4259 ecclesia
464 4203 494 4258 in
507 4203 606 4273 specie
619 4203 658 4257 sit
670 4203 720 4257 ubi
734 4202 874 4264 Verbum,
883 4213 914 4257 et
927 4202 1017 4272 perid
1032 4199 1179 4256 Dominus
1189 4211 1288 4262 notus,

170 4290 205 4330 ac
251 4274 331 4330 ivina
342 4290 413 4329 vera
425 4274 555 4330 revelata
568 4275 608 4341 (n.
622 4273 698 4341 3857.
715 4272 820 4340 10761).

223 4345 266 4399 At
277 4344 359 4417 quod
373 4344 441 4399 ideo
457 4360 517 4399 non
530 4343 567 4398 ab
580 4343 704 4398 ecclesia
716 4343 776 4397 sint
788 4343 838 4413 qui
855 4342 916 4396 nati
930 4342 980 4396 ubi
993 4341 1134 4402 Verbum,
1147 4350 1178 4395 et
1191 4339 1287 4410 perid

171 4413 319 4472 Dominus
334 4425 431 4478 notus,
440 4415 493 4470 sed
509 4413 560 4486 qui
575 4429 628 4485 per
639 4428 711 4468 vera
722 4428 759 4468 ex
771 4413 872 4468 Verbo
883 4428 902 4467 a
917 4412 1049 4468 Domino
1060 4421 1288 4484 regenerantur:
