2776 5040
468 469 519 521 DE
537 469 673 522 DIVINA
695 469 917 522 TRINITATB.
1210 469 1247 538 55

133 633 282 701 Sanctus
304 636 493 719 procedens
518 657 539 700 a
565 637 640 701 Deo
664 637 764 702 Patre
786 658 846 721 per
865 638 988 701 Filium
1017 639 1061 702 ab
1087 638 1250 702 aeterno?

133 740 171 796 et
197 732 370 814 quomodo
391 732 502 813 potuit
530 731 713 813 procedere
736 742 771 796 et
796 731 866 795 fieri
891 732 984 796 Deus
1005 753 1065 815 per
1091 730 1164 796 Se?
1190 743 1249 795 aut

133 826 308 906 quomodo
334 827 445 906 potuit
473 845 617 906 persona
643 827 785 907 gignere
811 844 990 908 personam
1017 826 1060 888 ab
1086 825 1250 890 aeterno?

133 928 171 981 et
191 928 332 1000 utraque
351 918 536 1001 producere
555 919 758 1000 personam?
797 918 908 983 Estne
924 940 1068 1002 persona
1083 919 1250 1001 persona?

134 1009 320 1093 Quomodo
343 1021 486 1095 possunt
512 1021 582 1076 tres
606 1005 785 1086 Personae,
805 1033 944 1096 quarum
969 1014 1173 1096 unaquaevis
1195 1023 1249 1077 est

135 1107 241 1180 Deus,
261 1105 421 1188 conjungi
440 1106 473 1168 in
492 1125 594 1168 unum
614 1105 737 1183 Deum,
756 1107 856 1170 aliter
874 1127 974 1189 quam
998 1109 1032 1170 in
1051 1126 1151 1169 unam
1172 1107 1249 1170 Per·

134 1200 277 1263 sonam?
302 1210 337 1263 et
353 1201 418 1262 hoc
435 1210 552 1263 tamen
569 1210 622 1263 est
638 1210 759 1263 contra
775 1199 986 1283 theologiam
1000 1223 1007 1277 ;
1031 1200 1115 1264 illud
1134 1210 1250 1264 autem

134 1303 213 1357 cum
244 1293 311 1357 illa.
365 1291 548 1375 Quomodo
578 1303 696 1375 potest
726 1294 894 1357 Divinitas
925 1295 1087 1376 distingui
1117 1296 1150 1357 in
1181 1304 1250 1357 tres

135 1388 313 1462 Personas,
326 1398 362 1452 et
378 1398 495 1450 tamen
512 1407 580 1450 non
596 1388 631 1450 in
647 1397 717 1451 tres
734 1387 838 1463 Deos,
852 1407 928 1451 cum
946 1398 1062 1451 tamen
1078 1407 1248 1470 unaquae-

133 1485 187 1547 vis
206 1484 353 1546 Persona
371 1492 424 1545 est
448 1481 566 1544 Deus?
611 1479 794 1563 Quomodo
812 1493 928 1564 potest
948 1483 1071 1546 Divina
1089 1483 1250 1554 essentia,

137 1598 223 1660 quae
234 1588 288 1641 est
301 1597 376 1650 una,
391 1577 521 1650 eadem,
536 1585 571 1640 et
587 1576 768 1650 individua,
783 1576 905 1639 cadere
921 1577 955 1640 in
972 1596 1157 1649 numerum,
1172 1595 1250 1658 pro·

138 1673 215 1735 ‘nde
241 1671 295 1735 vel
323 1670 425 1733 dividi
454 1670 509 1732 vel
536 1669 774 1752 multiplicari?
808 1679 844 1734 et
872 1671 1044 1753 quomodo
1066 1680 1249 1753 potuerunt

135 1777 208 1829 tres
235 1765 378 1827 Divinae
406 1763 574 1827 Personae
601 1784 667 1827 una
694 1784 769 1828 esse
799 1772 835 1827 et
862 1763 1013 1827 conferre
1040 1764 1190 1826 rationes
1217 1765 1250 1826 in

136 1869 372 1923 non-extenso
402 1859 513 1940 spatii,
545 1860 645 1939 quale
678 1859 738 1922 fuit
768 1868 850 1922 ante
881 1858 1042 1921 mundum
1073 1858 1250 1922 creatum?

136 1951 320 2034 Quomodo
335 1973 355 2015 a
372 1952 527 2033 Jehovah
545 1953 630 2025 Deo,
648 1953 704 2034 qui
721 1972 816 2027 unus,
834 1962 869 2016 et
886 1952 965 2015 inde
981 1951 1074 2014 solus
1090 1950 1249 2025 infinitus,

135 2049 331 2121 immensus,
355 2056 524 2120 aeternus,
549 2047 776 2128 omnipotens
801 2056 985 2128 potuerunt
1015 2045 1154 2127 produci
1181 2055 1251 2109 tres

137 2140 207 2222 Ipsi
220 2137 430 2222 ¹¹¹aequales?
469 2136 651 2220 Quomodo
667 2149 783 2222 potest
794 2139 926 2221 concipi
942 2140 1076 2203 trinitas
1090 2158 1249 2220 persona·

136 2253 209 2297 rum
220 2235 253 2296 in
267 2233 410 2298 Unitate
425 2233 498 2308 Dei,
510 2253 549 2296 ac
564 2233 689 2297 Unitas
702 2233 766 2296 Dei
779 2235 812 2296 in
825 2235 979 2297 trinitate
992 2252 1211 2315 personarum
1221 2233 1251 2295 ?'’

137 2328 276 2391 Praeter
298 2328 387 2410 quod
411 2328 486 2390 idea
509 2326 713 2409 pluralitatis
736 2328 890 2392 destruat
913 2328 1024 2390 ideam
1044 2328 1195 2403 unitatis,
1215 2338 1251 2392 et

135 2421 293 2484 vicissim.
340 2421 446 2485 Forte
467 2422 572 2484 etiam
596 2422 805 2502 cogitaretur
823 2422 914 2503 quod
933 2422 960 2484 si
979 2421 1044 2484 hoc
1064 2420 1176 2485 dabiie
1195 2421 1249 2496 sit,

136 2517 241 2581 etiam
257 2515 368 2578 dabile
386 2515 503 2579 fuisset
522 2514 662 2579 Graecis
677 2524 713 2579 et
733 2515 898 2578 Romanis
913 2535 1033 2579 omnes
1049 2535 1128 2578 suos
1145 2515 1249 2589 Deos,

137 2611 192 2692 qui
212 2608 319 2684 multi,
333 2630 392 2691 per
407 2609 516 2672 solam
535 2609 752 2673 identitatem
769 2611 948 2684 essentiae,
966 2610 999 2672 in
1019 2629 1121 2673 unum
1140 2609 1250 2672 Deum

137 2705 365 2786 compingere.

201 2814 229 2878 3.
262 2797 359 2860 Mens
377 2796 552 2860 rationalis
570 2797 603 2860 in
619 2797 790 2861 volvendo
806 2808 842 2862 et
860 2798 1029 2861 versando
1045 2796 1250 2861 Trinitatem

137 2890 358 2955 Personarum
377 2892 409 2953 in
423 2891 612 2955 Divinitate
630 2891 674 2954 ab
691 2901 844 2967 aetern0,
862 2893 1030 2974 potuisset
1045 2893 1150 2955 etiam
1166 2911 1250 2974 pen·

137 2987 251 3061 sitare,
271 2985 325 3048 cui
344 3005 422 3047 usus
441 2985 501 3048 suit
520 2985 610 3067 quod
629 2995 710 3048 ante
730 2986 891 3048 mundum
908 2993 1060 3049 creatum
1084 2996 1185 3048 natus
1207 2987 1251 3048 sit

138 3079 252 3156 Filius,
269 3089 305 3143 et
321 3079 412 3162 quod
430 3099 450 3141 a
471 3079 569 3141 Patre
588 3100 647 3161 per
666 3079 787 3141 Filium
810 3079 955 3142 exiverit
978 3077 1121 3160 Spiritus
1144 3077 1250 3142 Sanc·

137 3182 201 3238 tus.
241 3173 301 3236 “N
304 3192 360 3235 um
374 3173 433 3235 iuit
450 3193 528 3235 usus
542 3183 578 3235 ut
595 3183 664 3235 tres
680 3171 887 3254 [conferrent
901 3171 1065 3254 rationes]
1079 3173 1251 3254 quomodo

136 3277 307 3332 crearetur
326 3267 528 3340 universum,
548 3276 584 3328 et
603 3266 694 3348 quod
717 3268 764 3330 sic
784 3276 854 3330 tres
872 3265 955 3329 illud
973 3266 1152 3329 crearent?
1174 3285 1251 3329 cum

137 3371 253 3427 tamen
277 3362 468 3424 universum
498 3380 518 3423 a
549 3360 624 3423 Deo
651 3380 719 3422 uno
746 3369 897 3424 creatum
927 3370 1000 3424 est:
1033 3380 1095 3424 nec
1123 3361 1184 3425 suit
1214 3370 1251 3424 ut

138 3456 242 3519 Filius
274 3456 466 3528 redimeret,
498 3473 575 3517 cum
609 3464 724 3518 tamen
752 3455 942 3537 redemptio
972 3451 1060 3518 iacta
1088 3464 1142 3518 est
1172 3464 1250 3537 post

138 3549 298 3612 mundum
322 3558 474 3612 creatum
498 3549 530 3610 in
559 3548 768 3629 plenitudine
790 3549 972 3630 temporis:
1006 3567 1068 3612 nec
1098 3544 1186 3612 1²¹iuit
1214 3558 1251 3610 ut

138 3641 282 3724 Spiritus
298 3639 443 3706 Sandtus
455 3639 692 3717 sandtificaret,
703 3644 780 3724 quia
796 3643 945 3705 nondum
961 3642 1065 3705 homo
1081 3643 1137 3725 qui
1152 3662 1250 3707 sanc·

138 3735 326 3800 tificandus.
377 3735 412 3800 Si
434 3756 517 3818 ergo
543 3735 590 3798 illi
618 3757 696 3798 usus
723 3735 854 3800 suerunt
881 3736 915 3799 in
945 3736 1021 3800 idea
1048 3736 1122 3813 Dei,
1147 3756 1250 3820 usque

137 3829 195 3893 illa
214 3850 282 3893 non
300 3841 381 3894 ante
405 3831 578 3905 mundum,
595 3830 656 3893 sed
679 3840 758 3913 post
781 3830 886 3904 ilium,
906 3827 1084 3894 adtualiter
1102 3832 1249 3895 exstitit.

138 3924 194 3987 Ex
210 3944 277 4006 quo
296 3927 445 4007 sequitur
464 3926 555 4007 quod
570 3923 719 3989 Trinitas
735 3926 779 3988 ab
794 3935 935 3989 aeterno
951 3946 1019 3989 non
1037 3925 1135 3989 fuerit
1151 3926 1250 3989 realis

139 4018 298 4093 Trinitas,
316 4019 375 4082 sed
394 4019 533 4096 idealis;
557 4029 592 4082 et
612 4019 686 4101 plus
705 4020 816 4082 adhuc
836 4019 985 4083 Trinitas
1002 4016 1251 4082 Personarum.''

194 4130 225 4192 4.
256 4111 340 4194 Quis
360 4114 393 4176 in
412 4113 556 4177 ecclesia
575 4124 701 4195 potest,
719 4115 752 4176 in
769 4113 918 4194 legendo
934 4111 1122 4195 Symbolum
1136 4111 1249 4175 Atha-

137 4208 236 4282 nasii,
268 4207 458 4289 intelligere
488 4208 553 4271 hoc
565 4208 712 4291 ?—quod
741 4228 787 4272 ex
814 4209 958 4272 veritate
985 4206 1177 4272 Christiana
1205 4209 1249 4273 sit

137 4302 226 4385 quod
254 4303 458 4384 unaquaevis
487 4301 634 4365 Persona
664 4300 863 4384 singulatim
892 4303 936 4365 sit
965 4301 1068 4375 Deus,
1096 4311 1132 4365 et
1159 4301 1249 4384 quod

139 4407 254 4460 tamen
278 4416 346 4460 non
376 4395 478 4460 liceat
501 4416 546 4460 ex
577 4395 758 4461 Catholica
780 4396 944 4478 religione
974 4413 1149 4459 numerare
1178 4404 1248 4460 tres
