2776 5040
143 486 182 553 52
415 488 592 542 CANONES
615 490 744 542 NOVAE
767 490 984 543 ECCLESIAE.

204 672 232 739 5.
264 657 364 741 Quod
394 660 486 724 salus
507 663 642 743 generis
664 662 801 726 humani
829 682 850 725 a
879 661 1051 726 Trinitate
1079 661 1153 737 Dei,
1171 682 1243 744 quae

350 755 449 819 simul
469 766 522 818 est
540 756 676 831 Unitas‚
697 758 857 839 pendeat.

201 845 232 909 6.
265 845 365 929 Quod
395 870 453 931 per
476 849 682 913 Trinitatem
710 850 773 913 Dei
801 872 888 933 quae
911 850 1013 914 simul
1039 860 1094 915 est
1122 850 1244 921 Unitas‚

349 943 563 1024 intelligatur
583 943 706 1006 Divina
724 944 874 1008 Trinitas
893 946 926 1006 in
946 964 1014 1007 una
1033 945 1189 1008 Persona.

201 1048 231 1116 7.
263 1032 363 1116 Quod
389 1036 564 1109 Dominus,
589 1035 748 1101 Salvator
770 1039 896 1107 mundi.
920 1039 1078 1102 docuerit
1101 1039 1189 1121 quod
1210 1038 1245 1099 sit

350 1130 473 1192 Divina
489 1128 639 1193 Trinitas
654 1152 662 1208 ;
685 1130 856 1205 videlicet,
871 1131 982 1205 Pater,
995 1131 1115 1205 Filius,
1129 1141 1164 1194 et
1183 1130 1246 1212 Spi-

348 1225 452 1286 ritus:

199 1404 303 1486 Jussit
323 1406 412 1469 enim
432 1405 604 1488 discipulis
626 1416 662 1469 ut
686 1407 901 1489 baptizarent
924 1407 957 1469 in
977 1409 1120 1471 nomine
1139 1408 1245 1475 Patris.

139 1498 226 1574 Filii,
247 1510 282 1563 et
302 1497 446 1582 Spiritus
464 1498 591 1565 saneti.

202 1594 299 1657 Dixit
319 1596 422 1657 etiam
442 1595 532 1676 quod
552 1595 594 1656 ad
614 1594 701 1670 illos,
722 1616 767 1659 ex
787 1595 898 1668 Patre,
917 1596 1076 1660 mitteret
1096 1594 1246 1679 Spiritum

139 1685 313 1752 Sanctum.

202 1782 401 1846 Nominavit
430 1785 532 1846 etiam
561 1803 806 1865 saepenumero
829 1784 978 1858 Patrem,
1002 1795 1039 1847 et
1067 1781 1113 1847 Se
1137 1783 1246 1846 Filium

139 1872 244 1948 Illius,
265 1886 300 1939 et
324 1876 499 1958 inspiravit
523 1877 555 1939 in
575 1876 770 1959 discipulos,
790 1878 918 1952 dicens,
941 1877 1137 1960 “Accipite
1155 1876 1247 1959 Spiri-

138 1981 210 2032 tum
228 1967 418 2033 Sanctum?

201 2064 314 2135 Porro,
330 2084 405 2128 cum
416 2064 513 2146 Jesus
530 2064 723 2147 baptizatus
739 2075 792 2129 est
809 2067 841 2128 in
857 2065 1017 2147 Jordane,
1033 2087 1105 2128 vox
1122 2086 1142 2129 e
1158 2066 1247 2128 Patre

136 2160 256 2229 exivit,
277 2159 403 2231 dicens,
426 2158 521 2221 “Hic
545 2168 598 2221 est
623 2159 726 2222 Filius
746 2178 840 2222 meus
859 2157 1033 2234 dilectus,”
1053 2170 1090 2223 et
1113 2159 1247 2241 Spiritus

137 2254 292 2334 apparuit
311 2252 374 2314 sub
391 2254 504 2334 specie
523 2252 700 2315 columbae
718 2273 818 2335 supra
839 2252 963 2334 Ipsum.

201 2345 298 2408 Dixit
313 2348 416 2409 etiam
429 2346 572 2426 angelus
585 2346 721 2409 Gabriel
735 2347 778 2409 ad
793 2345 946 2420 Mariam,
960 2345 1137 2428 “Spiritus
1150 2345 1245 2409 Sanc·

137 2449 192 2501 tus
211 2442 324 2503 veniet
349 2460 447 2522 super
467 2450 512 2513 te,
533 2450 568 2502 et
589 2440 707 2503 Virtus
728 2440 897 2503 Altissimi
917 2441 1136 2503 obumbrabit
1157 2452 1200 2511 te,
1215 2450 1244 2501 et

137 2532 298 2597 Sanctum
319 2535 408 2616 quod
429 2537 576 2597 nascitur
596 2557 640 2598 ex
662 2544 696 2598 te
715 2535 892 2598 vocabitur
913 2535 1018 2597 Filius
1039 2536 1144 2599 Dei:’'
1164 2535 1245 2597 “Al-

137 2628 309 2690 tissimus''
329 2639 381 2691 cst
401 2629 493 2690 Deus
514 2629 622 2691 Pater.

200 2722 361 2803 Apostoli
389 2725 492 2785 etiam
524 2725 557 2784 in
588 2725 655 2785 suis
682 2723 836 2804 epistolis
866 2723 1056 2786 multoties
1075 2725 1241 2786 nominant

136 2815 282 2889 Patrem,
302 2817 328 2877 F
332 2817 434 2887 ilium,
452 2827 487 2879 et
508 2815 667 2897 Spiritum
688 2814 869 2892 SanStum;
893 2827 929 2879 et
947 2817 1122 2897 lohannes
1141 2819 1173 2878 in
1191 2835 1241 2876 sua

136 2915 243 2993 prima
265 2909 375 2994 [dicit]
400 2910 513 2973 “Sunt
535 2922 604 2973 tres
628 2912 682 2992 qui
707 2911 934 2975 testificantur
953 2914 986 2974 in
1011 2913 1118 2986 caelo,
1140 2911 1238 2980 Pater.

136 3005 297 3080 Verbum,
316 3016 350 3068 et
368 3004 511 3087 Spiritus
531 3002 674 3067 SanCtus
687 3005 712 3080 ;”
735 3017 800 3068 etc.

457 3546 614 3609 CAPUT
645 3544 918 3610 SECUNDUM.

133 3771 245 3853 Quor>
264 3786 358 3834 runs
377 3785 466 3841 nur,
486 3771 623 3839 Part-zu,
646 3770 783 3844 Frnrus,
805 3783 852 3831 ur
872 3768 1046 3833 Serninus
1065 3768 1233 3833 Saucrus

259 3880 345 3928 siun
380 3880 472 3928 rma
509 3878 757 3929 ussusrrnurn
793 3878 905 3927 umus
942 3864 1034 3941 Dran
1072 3871 1234 3940 Quorum

259 3974 355 4023 st'xr
386 3974 505 4030 untur,
531 3972 832 4035 Quunrnouonon
861 3973 998 4032 aurun,
1023 3972 1174 4031 coneus,
1197 3965 1235 4016 er

259 4069 449 4120 orsnnrro
473 4069 580 4118 turn
605 4069 701 4119 suun
725 4068 824 4118 aruo
847 4066 1043 4117 uonuxsu.

198 4254 222 4300 1.
256 4237 355 4319 Quod
375 4238 496 4300 Divina
510 4237 669 4303 Trinitas.
684 4257 769 4318 quae
786 4235 884 4298 simul
901 4246 954 4298 est
968 4234 1105 4307 Unitas‚
1120 4253 1236 4317 nequa·

342 4353 441 4413 quam
458 4333 561 4411 possit
579 4332 622 4391 ab
638 4331 709 4392 ullo
726 4328 978 4410 comprehendi,
993 4331 1056 4391 nisi
1069 4331 1156 4392 sicut
1173 4329 1239 4390 ani·

341 4447 407 4497 ma.
425 4447 556 4506 corpus,
575 4437 608 4487 et
634 4427 787 4506 operatio
810 4424 999 4506 procedens
1021 4424 1113 4505 apud
1137 4424 1241 4486 homi·
