2776 5040
470 482 563 547 Quin
585 484 863 536 vussino-n.
882 487 929 555 55.
1215 477 1255 559 ⁶5

133 648 270 731 angelis
295 662 496 733 apparerent
523 654 609 718 sicut
639 655 796 736 sculptile
822 657 972 720 articulis
1000 658 1179 724 mobilibus
1206 660 1256 724 in-

133 741 303 808 strutium
326 755 361 808 et
384 748 587 823 incavatum,
612 749 700 812 intra
723 751 813 832 quod
836 751 954 835 aliquis
978 754 1026 815 vir
1050 754 1172 819 Levita
1195 756 1256 818 im·

134 839 259 901 missus
277 841 476 916 ambularet,
494 854 623 924 ageret,
641 855 675 907 et
696 845 898 928 loqueretur,
916 858 951 910 et
971 849 1111 912 tandem
1130 849 1256 913 clama-

133 942 188 996 ret
207 935 326 998 turbae
345 938 610 1018 superstitiosae,
630 938 867 1003 “Prosternite
885 961 957 1016 vos,
977 943 1153 1023 invocate;
1177 965 1257 1009 ecce

133 1048 202 1101 me,
217 1029 326 1091 Deum
344 1029 476 1104 Larem,
492 1031 688 1095 Tutelarem
705 1044 866 1108 vestrum,
881 1036 932 1097 cui
949 1035 1112 1101 sanctitas
1128 1048 1163 1102 et
1180 1040 1257 1102 diva

133 1123 319 1204 potestas.”
363 1123 453 1187 Num
472 1126 569 1188 ideae
584 1129 801 1208 cogitationis
820 1128 953 1192 illorum
970 1131 1014 1194 de
1028 1133 1257 1212 spiritualibus

134 1215 315 1280 Ecclesiae
334 1220 523 1299 potuissent
543 1223 730 1302 superiores
749 1243 825 1286 esse
847 1224 930 1286 ideis
953 1226 1171 1306 cogitationis
1196 1227 1256 1290 Ni·

133 1312 280 1386 codemi‚
305 1315 359 1395 qui
383 1313 442 1377 suit
466 1312 594 1390 doctor,
619 1316 661 1378 de
683 1319 952 1397 regeneratione,
972 1321 1062 1402 quod
1086 1331 1177 1384 esset
1202 1332 1256 1385 to·

133 1406 203 1468 tius
222 1406 366 1470 hominis
384 1411 597 1472 renascentia
616 1410 649 1471 in
668 1421 766 1473 utero
784 1413 924 1475 matris?
969 1413 1067 1477 Dixit
1087 1417 1187 1490 enim,

188 1554 358 1619 “Quomodo
375 1565 463 1618 potest
483 1556 587 1605 horn0”
599 1557 689 1606 denuo
706 1559 848 1620 generari?
883 1558 980 1609 “Num
999 1570 1088 1623 potest
1106 1563 1133 1611 in
1151 1573 1256 1612 uterum

267 1622 359 1670 matris
376 1623 522 1670 secundnm
541 1622 677 1684 ingredil'
721 1623 770 1672 Cui
789 1625 928 1688 respondit
949 1624 1090 1687 Dominus,
1107 1628 1209 1677 “Tune
1226 1644 1256 1678 es

268 1687 395 1748 magister
413 1687 440 1736 in
460 1686 567 1744 israele,
582 1699 609 1736 et
626 1684 716 1737 haecl¹l
735 1703 791 1737 non
809 1692 900 1740 nosti?
1033 1692 1060 1741 Si
1078 1700 1185 1742 terrena
1202 1694 1255 1743 dixi

267 1753 344 1800 vobis
361 1761 388 1800 et
405 1767 460 1800 non
473 1754 587 1809 creditis,
602 1753 737 1816 quomodo
749 1755 771 1803 si
790 1755 884 1804 dixero
895 1756 972 1805 vobis
984 1759 1190 1819 supracaelesria
1201 1774 1255 1808 cre·

266 1817 368 1877 detisi'
386 1817 460 1882 (Joli.
472 1819 508 1868 iii.
521 1831 544 1878 3,
556 1833 580 1878 4,
592 1834 617 1881 9,
629 1816 681 1883 1o[,
696 1815 761 1883 12]·l

133 1973 298 2038 Similiter
327 1974 562 2038 deliravissent
593 1977 620 2037 si
650 1973 714 2037 illis
745 1973 883 2040 detecta
911 1977 1051 2041 luissent
1083 1979 1254 2058 interiora,

133 2090 223 2152 quae
245 2070 278 2131 in
302 2090 362 2131 sua
380 2071 529 2133 essentia
548 2069 733 2150 spiritualia
753 2080 844 2146 sunt,
864 2072 907 2134 de
929 2070 994 2135 lide
1018 2082 1052 2136 et
1076 2074 1253 2149 charitate,

134 2173 172 2227 et
191 2184 324 2246 quoque
346 2165 417 2225 vita
441 2174 519 2245 post
542 2174 699 2238 mortem,
720 2165 829 2247 deque
848 2176 941 2229 statu
960 2167 1045 2229 caeli
1068 2178 1103 2231 et
1126 2169 1254 2233 inferni.

134 2256 354 2340 Quapropter
380 2260 507 2341 aperire
538 2260 645 2321 visum
675 2260 846 2322 internum
876 2261 1000 2324 mentis
1030 2282 1089 2324 seu
1119 2265 1254 2344 spiritus

134 2372 252 2416 eorum
275 2353 386 2434 quoad
410 2354 583 2433 regionem
607 2355 812 2433 superiorem
835 2353 915 2434 ejuS,
939 2375 1039 2436 quarn
1063 2356 1171 2419 solam
1195 2357 1254 2422 lux

134 2447 295 2511 caelestis
323 2447 480 2522 illustrat,
512 2458 594 2510 ante
621 2447 822 2510 Adventum
850 2448 998 2524 Domini,
1027 2452 1081 2532 qui
1112 2462 1149 2514 ut
1177 2452 1253 2517 Lux

133 2543 230 2606 venit
247 2543 279 2603 in
296 2543 469 2617 mundum,
484 2544 570 2604 sicut
588 2542 665 2623 Ipse
682 2543 763 2605 dicit
782 2541 877 2623 (Joh.
891 2545 910 2606 i.
928 2560 1005 2622 1-4;
1029 2566 1101 2627 cap.
1115 2548 1179 2608 viii.
1198 2565 1253 2625 12;

134 2656 210 2717 cap.
231 2638 287 2698 xii.
308 2650 357 2716 35,
380 2636 428 2716 36,
448 2637 517 2717 46),
543 2647 614 2699 tam
637 2638 845 2719 impossibile
866 2637 926 2701 iuit
954 2640 1040 2702 sicut
1064 2650 1117 2704 est
1144 2640 1253 2704 iacere

134 2751 259 2813 equum
276 2731 391 2793 volare
407 2740 441 2794 et
460 2731 554 2794 illum
571 2742 703 2794 vertere
722 2732 755 2794 in
775 2731 952 2813 Pegasum,
970 2752 1105 2796 cervum
1122 2755 1254 2799 currere

134 2827 169 2888 in
197 2845 284 2899 aere,
309 2826 452 2888 vitulum
479 2846 578 2906 super
604 2827 717 2907 aquis;
750 2827 863 2899 immo,
889 2827 975 2890 sicut
1002 2827 1088 2891 soret
1115 2841 1253 2910 agatem

135 2931 336 2984 convertere
352 2921 385 2982 in
401 2920 565 2993 rubinum,
584 2920 782 3000 crystallum
799 2922 832 2982 in
848 2921 1077 2996 adamantem,
1095 2943 1133 2985 ac
1152 2923 1254 3006 lapidi

134 3016 267 3096 vulgari
286 3015 401 3077 indere
419 3034 541 3076 venam
561 3015 713 3094 argenti;
738 3024 795 3076 aut
815 3014 925 3077 iacere
943 3024 980 3077 ut
1000 3015 1110 3077 laurus
1130 3019 1252 3098 produ·

135 3118 193 3173 cat
213 3129 304 3181 uvas,
325 3109 444 3170 cedrus
463 3108 580 3181 olivas,
599 3108 741 3189 populus
764 3118 799 3171 et
822 3129 964 3190 quercus
983 3110 1054 3192 pira
1073 3120 1108 3173 et
1132 3132 1253 3192 poma;

136 3204 277 3286 proinde
293 3204 397 3265 etiarn
413 3204 499 3265 sicut
516 3213 568 3265 est
585 3202 805 3265 auscultatori
826 3203 923 3265 Davo
939 3203 1111 3267 infundere
1127 3206 1252 3270 intelli·

135 3300 290 3380 gentiam
309 3298 472 3360 antistitis
491 3294 622 3379 Oedipi.

200 3407 270 3474 55.
301 3390 389 3472 Quid
413 3401 527 3453 autem
551 3392 709 3466 vastatio,
731 3401 765 3455 et
790 3393 879 3454 unde
901 3391 958 3455 illa
981 3394 1069 3474 apud
1093 3395 1253 3476 populum

135 3486 314 3550 Ecclesiae
331 3486 548 3557 israeliticae,
566 3487 700 3548 extrahi
720 3496 836 3567 potest
852 3507 871 3549 e
890 3485 973 3550 locis
989 3487 1044 3549 ubi
1061 3489 1254 3554 nominatur

135 3581 225 3664 apud
246 3581 442 3661 Prophetas,
463 3601 548 3662 quae
568 3581 645 3642 ideo
663 3581 695 3642 in
716 3582 813 3661 copia
832 3582 911 3643 inde
927 3582 1147 3646 adducentur.

202 3674 541 3738 Praememorandum
555 3684 607 3736 est
621 3675 709 3756 quod
724 3675 756 3735 in
770 3675 989 3757 sequentibus
998 3685 1033 3738 et
1046 3678 1252 3759 subsequen-

136 3769 238 3844 tibus,
259 3789 344 3850 quae
367 3778 445 3831 sunt
469 3789 513 3831 ex
537 3767 664 3839 Verbo,
690 3788 748 3850 per
768 3767 937 3831 “Terram
946 3768 960 3792 ”
979 3769 1023 3831 ibi
1046 3770 1254 3851 significetur

136 3862 304 3937 Ecclesia,
326 3864 402 3946 quia
425 3861 627 3943 intelligitur
649 3861 754 3924 Terra
777 3860 927 3936 Canaan,
951 3863 985 3925 in
1008 3884 1074 3946 qua
1097 3864 1253 3930 Ecclesia

136 3958 217 4035 iuit;
247 3978 306 4040 per
326 3956 526 4030 “Zionem,”
546 3955 701 4019 Ecclesia
724 3957 835 4038 quoad
855 3955 1026 4034 Verbum;
1055 3978 1114 4040 per
1137 3965 1156 3990 “
1169 3959 1252 4023 Hie·

136 4052 373 4133 rosolymam,”
393 4051 549 4114 Ecclesia
567 4051 677 4133 quoad
697 4048 885 4113 dodtrinam
909 4072 927 4113 e
947 4050 1082 4130 Verbo;
1116 4074 1175 4134 per
1197 4076 1251 4116 ur-

135 4146 197 4209 bes
227 4147 281 4222 ibi,
309 4143 527 4222 doctrinalia3
566 4165 624 4227 per
654 4154 799 4217 montes,
828 4144 945 4218 colles,
973 4144 1092 4221 valles,
1122 4145 1249 4222 fluvios,

136 4239 289 4304 formalia
316 4239 512 4316 Ecclesiae;
544 4249 578 4302 et
606 4259 665 4320 per
689 4235 816 4301 tractus
843 4248 953 4301 terrae
980 4240 1035 4313 ibi,
1060 4242 1252 4304 communia

136 4334 323 4407 Ecclesiae,
344 4344 379 4398 et
403 4333 487 4397 haec
511 4333 695 4396 secundum
718 4334 1065 4414 repraesentationem
1088 4332 1208 4397 Tribus
1231 4355 1251 4398 a

136 4449 202 4510 qua
222 4429 491 4510 possidebantur.
