2776 5040
325 506 374 559 m·
397 505 479 574 EJus
500 505 698 559 DOCTRINA
720 504 994 559 canuam-u.
1017 505 1065 575 15.
1214 506 1251 574 17

666 968 720 1056 [1·]

420 1219 493 1294 DE
527 1219 673 1295 BONO
708 1218 776 1293 ET
811 1217 968 1293 VERO.
1071 1297 1075 1303 ,

617 1455 769 1474 *

134 1566 189 1612 11.

285 1621 412 1688 MNIA
433 1623 467 1686 in
491 1623 656 1697 universo,
673 1642 760 1705 quae
778 1629 858 1685 sunt
881 1620 1067 1684 secundum
1090 1619 1250 1683 Divinum

313 1718 477 1792 ordinem,
501 1738 537 1781 se
564 1717 710 1780 referunt
732 1716 776 1779 ad
799 1716 925 1779 bonum
944 1725 979 1779 et
998 1733 1133 1790 verum3
1168 1712 1250 1777 nihil

313 1813 468 1876 daturin
492 1811 599 1885 caelo,
618 1820 654 1875 et
677 1810 758 1874 nihil
786 1811 818 1873 in
842 1809 979 1884 mundo,
1001 1809 1092 1891 quod
1116 1828 1184 1872 non
1207 1809 1250 1871 ad

314 1906 382 1969 duo
400 1905 458 1969 illa
476 1926 513 1969 se
531 1905 651 1969 refert:
675 1924 776 1969 causa
795 1913 858 1978 est,
876 1905 953 1987 quia
972 1914 1160 1987 utrumque,
1178 1914 1249 1968 tam

135 2002 262 2065 bonum
279 2020 379 2083 quam
395 2019 523 2072 verum,
541 1999 693 2081 procedit
710 2021 729 2062 a
746 1998 879 2073 Divino,
897 2019 916 2061 a
933 2018 999 2080 quo
1015 1999 1137 2062 omnia.

198 2108 261 2159 υ.
292 2094 375 2157 Inde
392 2104 487 2176 patet
504 2092 595 2175 quod
614 2093 694 2156 nihil
712 2094 819 2174 magis
836 2094 880 2156 sit
897 2093 1122 2156 necessarium
1140 2093 1250 2156 homi·

135 2190 178 2261 ni,
195 2206 297 2271 quam
316 2198 353 2252 ut
372 2189 457 2252 sciat
475 2187 555 2270 quid
573 2187 698 2251 bonum
722 2197 757 2250 et
780 2187 859 2269 quid
879 2205 1005 2258 verum,
1024 2196 1059 2249 et
1078 2188 1251 2268 quomodo

135 2301 237 2346 unum
253 2280 385 2364 spediat
401 2282 557 2352 alterum,
570 2300 609 2343 ac
628 2281 799 2362 quomodo
818 2300 919 2344 unum
936 2280 1150 2363 conjungitur
1162 2280 1250 2343 alte·

135 2378 180 2440 ri:
204 2377 354 2440 maxime
371 2388 485 2440 autem
502 2375 726 2439 necessarium
745 2384 797 2439 est
817 2375 943 2438 homini
962 2373 1145 2451 ecclesiae3
1170 2394 1248 2437 nam

135 2472 220 2534 sicut
232 2471 345 2534 omnia
358 2469 442 2533 caeli
455 2490 491 2532 se
504 2469 651 2532 referunt
667 2467 710 2531 ad
726 2469 852 2532 bonum
869 2479 904 2533 et
917 2488 1044 2542 verum,
1058 2469 1105 2531 ita
1117 2488 1250 2551 quoque

134 2566 247 2629 omnia
269 2563 444 2640 ecclesiae,
464 2565 542 2646 quia
564 2563 690 2626 bonum
713 2571 749 2625 et
768 2581 884 2625 verum
906 2562 992 2625 caeli
1014 2574 1092 2626 sunt
1116 2583 1250 2646 quoque

135 2661 259 2724 bonum
275 2669 311 2723 et
324 2678 439 2722 verum
455 2657 627 2722 ecclesiae.
670 2656 766 2721 Haec
782 2676 883 2721 causa
898 2668 951 2722 est
964 2658 1055 2740 quod
1070 2659 1250 2722 exordium

134 2752 192 2818 fiat
208 2774 228 2817 a
243 2754 335 2817 bono
350 2762 385 2817 et
402 2773 493 2817 vero.

192 2861 259 2929 13.
289 2845 481 2911 Secundum
494 2847 652 2910 Divinum
666 2847 819 2911 ordinem
832 2855 885 2911 est
898 2855 935 2911 ut
947 2847 1073 2910 bonum
1086 2856 1121 2912 et
1133 2867 1250 2911 verum

135 2938 312 3021 conjundia
334 2943 412 3015 sint,
432 2953 468 3005 et
492 2961 559 3004 non
583 2951 750 3023 separata,
770 2943 818 3006 ita
842 2951 878 3005 ut
905 2943 973 3006 sint
996 2961 1098 3005 unum
1121 2950 1157 3006 et
1180 2961 1249 3004 non

135 3034 221 3113 duo;
255 3032 434 3116 conjunfta
464 3037 554 3098 enim
584 3035 771 3118 procedunt
801 3056 822 3099 a
852 3036 986 3112 Divino,
1010 3045 1046 3099 et
1068 3032 1249 3117 conjuni'ta

135 3129 264 3192 suntin
288 3128 394 3205 caelo,
411 3149 452 3193 ac
475 3131 552 3194 ideo
574 3126 754 3212 conjun&a
775 3138 874 3193 erunt
903 3131 935 3192 in
959 3129 1113 3193 ecclesia.
1157 3128 1249 3194 Con·

133 3219 259 3302 juniiio
280 3224 360 3287 boni
383 3234 418 3288 et
437 3226 506 3288 veri
524 3234 666 3288 vocatur
688 3224 721 3287 in
744 3223 841 3288 caelo
867 3224 1060 3306 conjugium
1087 3223 1248 3298 caeleste,

136 3335 212 3380 nam
233 3316 266 3379 in
290 3317 355 3380 hoc
379 3318 536 3401 conjugio
559 3328 638 3382 sunt
661 3337 782 3381 omnes
804 3319 860 3402 qui
879 3317 934 3381 ibi.
980 3319 1065 3382 Inde
1083 3326 1136 3382 est
1159 3320 1249 3401 quod

135 3410 165 3472 in
187 3409 304 3474 Verbo
326 3411 456 3474 caelum
479 3422 696 3493 comparetur
717 3410 886 3494 conjugio,
903 3420 938 3475 et
966 3411 1055 3493 quod
1084 3412 1250 3475 Dominus

135 3504 265 3568 dicatur
276 3502 427 3587 Sponsus
440 3515 475 3569 et
492 3505 644 3580 Maritus,
659 3505 790 3568 caelum
806 3515 921 3568 autem
934 3503 1068 3587 Sponsa
1080 3517 1115 3569 et
1129 3505 1249 3585 Uxor;

135 3599 286 3663 similiter
301 3599 463 3663 ecclesia:
488 3601 577 3683 quod
595 3598 725 3663 caelum
741 3609 776 3663 et
792 3599 937 3663 ecclesia
953 3601 1000 3663 ita
1016 3600 1182 3676 dicantur,
1196 3611 1250 3666 est

135 3694 209 3775 quia
225 3693 272 3755 illi
290 3695 345 3776 qui
362 3694 417 3769 ibi,
434 3694 598 3775 recipiunt
615 3693 774 3756 Divinum
788 3692 919 3756 Bonum
940 3693 972 3755 in
992 3692 1089 3758 veris.

195 3803 263 3871 14.
295 3786 415 3852 Omnis
438 3788 665 3871 intelligentia
684 3799 719 3853 et
738 3790 904 3870 sapientia
922 3810 1008 3872 quae
1030 3799 1083 3853 est
1106 3788 1249 3872 angelis

134 3892 246 3948 estex
263 3883 323 3947 illo
338 3883 504 3966 conjugio,
518 3894 552 3947 et
569 3903 638 3948 non
654 3883 765 3967 aliqua
781 3904 827 3946 ex
843 3883 934 3949 bono
950 3896 1108 3966 separato
1124 3905 1248 3960 aveto,

134 3997 195 4043 nec
214 3999 236 4042 a
252 3999 335 4042 vero
352 3988 511 4060 separato
529 3998 549 4041 a
571 3978 672 4042 bono.
719 3975 836 4043 Simile
854 3988 907 4043 est
926 3977 1119 4043 hominibus
1137 3979 1249 4045 eccle·

133 4092 211 4138 siae.

195 4182 263 4252 15.
292 4165 381 4248 Quia
402 4163 593 4248 conjuni'tio
616 4165 755 4231 boniet
779 4168 848 4231 veri
876 4177 930 4232 est
957 4167 1064 4231 instar
1090 4166 1247 4250 conjugii,

134 4272 229 4343 patet
251 4260 343 4344 quod
369 4260 495 4324 bonum
521 4272 613 4326 amet
636 4280 764 4337 verum,
784 4271 819 4327 et
838 4261 984 4326 vicissim
1008 4281 1125 4325 verum
1155 4271 1248 4325 amet

134 4356 313 4432 bonum,et
322 4354 414 4437 quod
426 4374 528 4419 unum
541 4356 799 4419 desideretcum
811 4354 921 4419 altero
932 4354 1101 4438 conjungi.
1131 4354 1248 4419 Homo

135 4449 294 4515 ecclesiae
310 4450 363 4515 cui
381 4468 450 4513 non
469 4449 547 4513 talis
562 4469 657 4514 amor
671 4459 724 4514 est
740 4458 776 4514 et
792 4449 861 4515 tale
877 4450 1090 4525 desiderium,
1108 4469 1177 4513 non
1193 4458 1247 4513 est
