<?xml version="1.0" encoding="UTF-8"?>
<!DOCTYPE html PUBLIC "-//W3C//DTD XHTML 1.0 Transitional//EN"
    "http://www.w3.org/TR/xhtml1/DTD/xhtml1-transitional.dtd">
<html xmlns="http://www.w3.org/1999/xhtml" xml:lang="en" lang="en">
 <head>
  <title>
</title>
<meta http-equiv="Content-Type" content="text/html;charset=utf-8" />
  <meta name='ocr-system' content='tesseract 3.04.00' />
  <meta name='ocr-capabilities' content='ocr_page ocr_carea ocr_par ocr_line ocrx_word'/>
</head>
<body>
  <div class='ocr_page' id='page_1' title='image "./denovahiersosol00swedgoog_0505.png"; bbox 0 0 2776 5040; ppageno 0'>
   <div class='ocr_carea' id='block_1_1' title="bbox 536 418 860 470">
    <p class='ocr_par' dir='ltr' id='par_1_1' title="bbox 536 418 860 470">
     <span class='ocr_line' id='line_1_1' title="bbox 536 418 860 470; baseline -0.006 -2"><span class='ocrx_word' id='word_1_1' title='bbox 536 418 860 470; x_wconf 78' lang='lat' dir='ltr'>ADDITAMENTUM.</span> 
     </span>
    </p>
   </div>
   <div class='ocr_carea' id='block_1_2' title="bbox 366 996 1035 1138">
    <p class='ocr_par' dir='ltr' id='par_1_2' title="bbox 366 996 1035 1138">
     <span class='ocr_line' id='line_1_2' title="bbox 366 996 1035 1138; baseline 0.004 -37"><span class='ocrx_word' id='word_1_2' title='bbox 366 996 499 1137; x_wconf 79' lang='lat' dir='ltr'>[DE</span> <span class='ocrx_word' id='word_1_3' title='bbox 541 997 1035 1138; x_wconf 67' lang='lat' dir='ltr'>tirunculis]</span> 
     </span>
    </p>
   </div>
   <div class='ocr_carea' id='block_1_3' title="bbox 544 1282 852 1350">
    <p class='ocr_par' dir='ltr' id='par_1_3' title="bbox 544 1282 852 1350">
     <span class='ocr_line' id='line_1_3' title="bbox 544 1282 852 1350; baseline 0.006 -18"><span class='ocrx_word' id='word_1_4' title='bbox 544 1282 852 1350; x_wconf 65' lang='lat' dir='ltr'>[maalmam]</span> 
     </span>
    </p>
   </div>
   <div class='ocr_carea' id='block_1_4' title="bbox 132 1725 1252 4457">
    <p class='ocr_par' dir='ltr' id='par_1_4' title="bbox 133 1725 1251 4079">
     <span class='ocr_line' id='line_1_4' title="bbox 202 1725 1245 1810; baseline 0.002 -22"><span class='ocrx_word' id='word_1_5' title='bbox 202 1725 302 1807; x_wconf 86' lang='lat' dir='ltr'>Quod</span> <span class='ocrx_word' id='word_1_6' title='bbox 326 1736 439 1789; x_wconf 89' lang='lat' dir='ltr'>autern</span> <span class='ocrx_word' id='word_1_7' title='bbox 459 1727 571 1790; x_wconf 91' lang='lat' dir='ltr'>omnia</span> <span class='ocrx_word' id='word_1_8' title='bbox 594 1748 679 1810; x_wconf 90' lang='lat' dir='ltr'>quae</span> <span class='ocrx_word' id='word_1_9' title='bbox 702 1725 899 1809; x_wconf 67' lang='lat' dir='ltr'>spectantur</span> <span class='ocrx_word' id='word_1_10' title='bbox 921 1729 953 1789; x_wconf 91' lang='lat' dir='ltr'>in</span> <span class='ocrx_word' id='word_1_11' title='bbox 979 1727 1120 1800; x_wconf 88' lang='lat' dir='ltr'>Natura,</span> <span class='ocrx_word' id='word_1_12' title='bbox 1140 1729 1172 1790; x_wconf 95' lang='lat' dir='ltr'>in</span> <span class='ocrx_word' id='word_1_13' title='bbox 1194 1727 1245 1790; x_wconf 88' lang='lat' dir='ltr'>tri·</span> 
     </span>
     <span class='ocr_line' id='line_1_5' title="bbox 137 1820 1245 1904; baseline -0.002 -19"><span class='ocrx_word' id='word_1_14' title='bbox 137 1821 199 1885; x_wconf 91' lang='lat' dir='ltr'>bus</span> <span class='ocrx_word' id='word_1_15' title='bbox 218 1821 287 1902; x_wconf 92' lang='lat' dir='ltr'>ejus</span> <span class='ocrx_word' id='word_1_16' title='bbox 306 1823 429 1903; x_wconf 85' lang='lat' dir='ltr'>regnis,</span> <span class='ocrx_word' id='word_1_17' title='bbox 449 1820 532 1885; x_wconf 90' lang='lat' dir='ltr'>fiant</span> <span class='ocrx_word' id='word_1_18' title='bbox 551 1842 596 1886; x_wconf 88' lang='lat' dir='ltr'>ex</span> <span class='ocrx_word' id='word_1_19' title='bbox 615 1821 742 1885; x_wconf 87' lang='lat' dir='ltr'>influxu</span> <span class='ocrx_word' id='word_1_20' title='bbox 761 1822 876 1885; x_wconf 91' lang='lat' dir='ltr'>mundi</span> <span class='ocrx_word' id='word_1_21' title='bbox 895 1823 1077 1904; x_wconf 92' lang='lat' dir='ltr'>spiritualis</span> <span class='ocrx_word' id='word_1_22' title='bbox 1101 1823 1134 1885; x_wconf 92' lang='lat' dir='ltr'>in</span> <span class='ocrx_word' id='word_1_23' title='bbox 1156 1833 1245 1885; x_wconf 89' lang='lat' dir='ltr'>natu·</span> 
     </span>
     <span class='ocr_line' id='line_1_6' title="bbox 137 1914 1247 1999; baseline -0.002 -20"><span class='ocrx_word' id='word_1_24' title='bbox 137 1915 253 1990; x_wconf 88' lang='lat' dir='ltr'>ralem,</span> <span class='ocrx_word' id='word_1_25' title='bbox 270 1925 305 1979; x_wconf 89' lang='lat' dir='ltr'>et</span> <span class='ocrx_word' id='word_1_26' title='bbox 323 1917 357 1979; x_wconf 93' lang='lat' dir='ltr'>in</span> <span class='ocrx_word' id='word_1_27' title='bbox 375 1937 412 1980; x_wconf 92' lang='lat' dir='ltr'>se</span> <span class='ocrx_word' id='word_1_28' title='bbox 427 1926 505 1979; x_wconf 92' lang='lat' dir='ltr'>sunt</span> <span class='ocrx_word' id='word_1_29' title='bbox 522 1916 695 1988; x_wconf 88' lang='lat' dir='ltr'>mirabilia,</span> <span class='ocrx_word' id='word_1_30' title='bbox 711 1937 797 1999; x_wconf 90' lang='lat' dir='ltr'>quae</span> <span class='ocrx_word' id='word_1_31' title='bbox 813 1926 951 1998; x_wconf 90' lang='lat' dir='ltr'>propter</span> <span class='ocrx_word' id='word_1_32' title='bbox 966 1927 1084 1980; x_wconf 93' lang='lat' dir='ltr'>suetos</span> <span class='ocrx_word' id='word_1_33' title='bbox 1100 1914 1247 1999; x_wconf 67' lang='lat' dir='ltr'>aspeitus</span> 
     </span>
     <span class='ocr_line' id='line_1_7' title="bbox 137 2010 1248 2092; baseline -0.002 -18"><span class='ocrx_word' id='word_1_34' title='bbox 137 2020 172 2074; x_wconf 90' lang='lat' dir='ltr'>et</span> <span class='ocrx_word' id='word_1_35' title='bbox 195 2030 360 2092; x_wconf 86' lang='lat' dir='ltr'>perennes</span> <span class='ocrx_word' id='word_1_36' title='bbox 376 2031 527 2074; x_wconf 91' lang='lat' dir='ltr'>recursus</span> <span class='ocrx_word' id='word_1_37' title='bbox 546 2030 614 2073; x_wconf 92' lang='lat' dir='ltr'>non</span> <span class='ocrx_word' id='word_1_38' title='bbox 634 2020 670 2074; x_wconf 90' lang='lat' dir='ltr'>ut</span> <span class='ocrx_word' id='word_1_39' title='bbox 689 2010 849 2074; x_wconf 90' lang='lat' dir='ltr'>miracula</span> <span class='ocrx_word' id='word_1_40' title='bbox 867 2020 1075 2092; x_wconf 89' lang='lat' dir='ltr'>reputantur.</span> <span class='ocrx_word' id='word_1_41' title='bbox 1122 2011 1172 2073; x_wconf 84' lang='lat' dir='ltr'>At</span> <span class='ocrx_word' id='word_1_42' title='bbox 1190 2012 1248 2073; x_wconf 90' lang='lat' dir='ltr'>sci·</span> 
     </span>
     <span class='ocr_line' id='line_1_8' title="bbox 136 2103 1249 2186; baseline -0.002 -17"><span class='ocrx_word' id='word_1_43' title='bbox 136 2116 196 2169; x_wconf 89' lang='lat' dir='ltr'>ant</span> <span class='ocrx_word' id='word_1_44' title='bbox 216 2105 306 2186; x_wconf 90' lang='lat' dir='ltr'>quod</span> <span class='ocrx_word' id='word_1_45' title='bbox 323 2103 482 2168; x_wconf 92' lang='lat' dir='ltr'>miracula</span> <span class='ocrx_word' id='word_1_46' title='bbox 497 2124 583 2186; x_wconf 89' lang='lat' dir='ltr'>quae</span> <span class='ocrx_word' id='word_1_47' title='bbox 598 2115 828 2168; x_wconf 87' lang='lat' dir='ltr'><strong>memorantur</strong></span> <span class='ocrx_word' id='word_1_48' title='bbox 845 2105 879 2169; x_wconf 94' lang='lat' dir='ltr'>in</span> <span class='ocrx_word' id='word_1_49' title='bbox 897 2104 1013 2168; x_wconf 90' lang='lat' dir='ltr'>Verbo</span> <span class='ocrx_word' id='word_1_50' title='bbox 1029 2106 1183 2168; x_wconf 84' lang='lat' dir='ltr'>similiter</span> <span class='ocrx_word' id='word_1_51' title='bbox 1197 2125 1249 2186; x_wconf 89' lang='lat' dir='ltr'>per</span> 
     </span>
     <span class='ocr_line' id='line_1_9' title="bbox 137 2196 1249 2282; baseline -0.002 -20"><span class='ocrx_word' id='word_1_52' title='bbox 137 2198 300 2263; x_wconf 89' lang='lat' dir='ltr'>influxum</span> <span class='ocrx_word' id='word_1_53' title='bbox 324 2220 369 2262; x_wconf 89' lang='lat' dir='ltr'>ex</span> <span class='ocrx_word' id='word_1_54' title='bbox 392 2199 492 2280; x_wconf 86' lang='lat' dir='ltr'>priori</span> <span class='ocrx_word' id='word_1_55' title='bbox 518 2198 577 2262; x_wconf 94' lang='lat' dir='ltr'>illo</span> <span class='ocrx_word' id='word_1_56' title='bbox 600 2199 726 2262; x_wconf 93' lang='lat' dir='ltr'>mundo</span> <span class='ocrx_word' id='word_1_57' title='bbox 752 2199 785 2261; x_wconf 93' lang='lat' dir='ltr'>in</span> <span class='ocrx_word' id='word_1_58' title='bbox 808 2201 1032 2282; x_wconf 86' lang='lat' dir='ltr'>posteriorem</span> <span class='ocrx_word' id='word_1_59' title='bbox 1055 2200 1145 2263; x_wconf 92' lang='lat' dir='ltr'>hunc</span> <span class='ocrx_word' id='word_1_60' title='bbox 1169 2196 1249 2262; x_wconf 72' lang='lat' dir='ltr'>salla</span> 
     </span>
     <span class='ocr_line' id='line_1_10' title="bbox 136 2290 1249 2377; baseline -0.003 -20"><span class='ocrx_word' id='word_1_61' title='bbox 136 2295 224 2370; x_wconf 88' lang='lat' dir='ltr'>sint;</span> <span class='ocrx_word' id='word_1_62' title='bbox 252 2302 287 2356; x_wconf 89' lang='lat' dir='ltr'>et</span> <span class='ocrx_word' id='word_1_63' title='bbox 305 2293 395 2375; x_wconf 91' lang='lat' dir='ltr'>quod</span> <span class='ocrx_word' id='word_1_64' title='bbox 414 2290 502 2355; x_wconf 64' lang='lat' dir='ltr'>faita</span> <span class='ocrx_word' id='word_1_65' title='bbox 519 2293 588 2357; x_wconf 85' lang='lat' dir='ltr'>sint</span> <span class='ocrx_word' id='word_1_66' title='bbox 610 2313 670 2375; x_wconf 92' lang='lat' dir='ltr'>per</span> <span class='ocrx_word' id='word_1_67' title='bbox 687 2293 875 2356; x_wconf 81' lang='lat' dir='ltr'>illationem</span> <span class='ocrx_word' id='word_1_68' title='bbox 894 2294 1013 2357; x_wconf 93' lang='lat' dir='ltr'>talium</span> <span class='ocrx_word' id='word_1_69' title='bbox 1032 2315 1120 2377; x_wconf 90' lang='lat' dir='ltr'>quae</span> <span class='ocrx_word' id='word_1_70' title='bbox 1136 2295 1169 2356; x_wconf 95' lang='lat' dir='ltr'>in</span> <span class='ocrx_word' id='word_1_71' title='bbox 1188 2294 1249 2375; x_wconf 92' lang='lat' dir='ltr'>spi·</span> 
     </span>
     <span class='ocr_line' id='line_1_11' title="bbox 137 2386 1250 2469; baseline -0.003 -18"><span class='ocrx_word' id='word_1_72' title='bbox 137 2388 247 2452; x_wconf 87' lang='lat' dir='ltr'>rituali</span> <span class='ocrx_word' id='word_1_73' title='bbox 271 2388 396 2450; x_wconf 91' lang='lat' dir='ltr'>mundo</span> <span class='ocrx_word' id='word_1_74' title='bbox 419 2396 507 2463; x_wconf 91' lang='lat' dir='ltr'>sunt,</span> <span class='ocrx_word' id='word_1_75' title='bbox 531 2388 564 2450; x_wconf 93' lang='lat' dir='ltr'>in</span> <span class='ocrx_word' id='word_1_76' title='bbox 591 2389 891 2469; x_wconf 89' lang='lat' dir='ltr'>correspondentia</span> <span class='ocrx_word' id='word_1_77' title='bbox 913 2389 945 2451; x_wconf 92' lang='lat' dir='ltr'>in</span> <span class='ocrx_word' id='word_1_78' title='bbox 970 2386 1137 2465; x_wconf 87' lang='lat' dir='ltr'>naturali;</span> <span class='ocrx_word' id='word_1_79' title='bbox 1170 2390 1250 2450; x_wconf 89' lang='lat' dir='ltr'>sicut</span> 
     </span>
     <span class='ocr_line' id='line_1_12' title="bbox 137 2479 1251 2564; baseline -0.001 -19"><span class='ocrx_word' id='word_1_80' title='bbox 137 2483 226 2564; x_wconf 91' lang='lat' dir='ltr'>quod</span> <span class='ocrx_word' id='word_1_81' title='bbox 258 2502 382 2543; x_wconf 91' lang='lat' dir='ltr'>manna</span> <span class='ocrx_word' id='word_1_82' title='bbox 411 2502 511 2562; x_wconf 89' lang='lat' dir='ltr'>super</span> <span class='ocrx_word' id='word_1_83' title='bbox 536 2491 648 2544; x_wconf 88' lang='lat' dir='ltr'>castra</span> <span class='ocrx_word' id='word_1_84' title='bbox 678 2479 819 2543; x_wconf 86' lang='lat' dir='ltr'>filiorum</span> <span class='ocrx_word' id='word_1_85' title='bbox 848 2481 980 2544; x_wconf 86' lang='lat' dir='ltr'>Israelis</span> <span class='ocrx_word' id='word_1_86' title='bbox 1007 2484 1127 2564; x_wconf 90' lang='lat' dir='ltr'>quovis</span> <span class='ocrx_word' id='word_1_87' title='bbox 1158 2503 1251 2544; x_wconf 92' lang='lat' dir='ltr'>mane</span> 
     </span>
     <span class='ocr_line' id='line_1_13' title="bbox 139 2575 1251 2659; baseline -0.001 -20"><span class='ocrx_word' id='word_1_88' title='bbox 139 2575 404 2659; x_wconf 86' lang='lat' dir='ltr'>[descenderet],</span> <span class='ocrx_word' id='word_1_89' title='bbox 433 2575 614 2638; x_wconf 87' lang='lat' dir='ltr'>defluentia</span> <span class='ocrx_word' id='word_1_90' title='bbox 643 2596 688 2637; x_wconf 90' lang='lat' dir='ltr'>ex</span> <span class='ocrx_word' id='word_1_91' title='bbox 722 2596 808 2657; x_wconf 90' lang='lat' dir='ltr'>pane</span> <span class='ocrx_word' id='word_1_92' title='bbox 838 2577 871 2639; x_wconf 93' lang='lat' dir='ltr'>in</span> <span class='ocrx_word' id='word_1_93' title='bbox 901 2576 1007 2649; x_wconf 86' lang='lat' dir='ltr'>caelo,</span> <span class='ocrx_word' id='word_1_94' title='bbox 1040 2578 1072 2638; x_wconf 92' lang='lat' dir='ltr'>in</span> <span class='ocrx_word' id='word_1_95' title='bbox 1106 2577 1251 2639; x_wconf 87' lang='lat' dir='ltr'>Naturae</span> 
     </span>
     <span class='ocr_line' id='line_1_14' title="bbox 137 2670 1250 2753; baseline -0.004 -18"><span class='ocrx_word' id='word_1_96' title='bbox 137 2671 350 2753; x_wconf 89' lang='lat' dir='ltr'>receptacula</span> <span class='ocrx_word' id='word_1_97' title='bbox 367 2670 480 2745; x_wconf 90' lang='lat' dir='ltr'>illata;</span> <span class='ocrx_word' id='word_1_98' title='bbox 504 2670 655 2733; x_wconf 90' lang='lat' dir='ltr'>similiter</span> <span class='ocrx_word' id='word_1_99' title='bbox 671 2673 766 2753; x_wconf 91' lang='lat' dir='ltr'>panis</span> <span class='ocrx_word' id='word_1_100' title='bbox 785 2681 820 2732; x_wconf 91' lang='lat' dir='ltr'>et</span> <span class='ocrx_word' id='word_1_101' title='bbox 840 2671 948 2752; x_wconf 87' lang='lat' dir='ltr'>pisces</span> <span class='ocrx_word' id='word_1_102' title='bbox 967 2671 1000 2731; x_wconf 93' lang='lat' dir='ltr'>in</span> <span class='ocrx_word' id='word_1_103' title='bbox 1017 2673 1137 2733; x_wconf 88' lang='lat' dir='ltr'>corbes</span> <span class='ocrx_word' id='word_1_104' title='bbox 1157 2692 1250 2752; x_wconf 87' lang='lat' dir='ltr'>apos-</span> 
     </span>
     <span class='ocr_line' id='line_1_15' title="bbox 137 2764 1250 2847; baseline -0.003 -18"><span class='ocrx_word' id='word_1_105' title='bbox 137 2767 295 2839; x_wconf 88' lang='lat' dir='ltr'>tolorum,</span> <span class='ocrx_word' id='word_1_106' title='bbox 320 2786 404 2847; x_wconf 88' lang='lat' dir='ltr'>quae</span> <span class='ocrx_word' id='word_1_107' title='bbox 428 2775 481 2827; x_wconf 91' lang='lat' dir='ltr'>tot</span> <span class='ocrx_word' id='word_1_108' title='bbox 509 2764 653 2826; x_wconf 92' lang='lat' dir='ltr'>millibus</span> <span class='ocrx_word' id='word_1_109' title='bbox 681 2765 853 2827; x_wconf 89' lang='lat' dir='ltr'>hominum</span> <span class='ocrx_word' id='word_1_110' title='bbox 884 2766 1152 2841; x_wconf 75' lang='lat' dir='ltr'>distribuebant,</span> <span class='ocrx_word' id='word_1_111' title='bbox 1184 2778 1250 2828; x_wconf 91' lang='lat' dir='ltr'>tum</span> 
     </span>
     <span class='ocr_line' id='line_1_16' title="bbox 136 2860 1251 2941; baseline -0.003 -18"><span class='ocrx_word' id='word_1_112' title='bbox 136 2863 249 2923; x_wconf 87' lang='lat' dir='ltr'>vinum</span> <span class='ocrx_word' id='word_1_113' title='bbox 270 2882 287 2922; x_wconf 92' lang='lat' dir='ltr'>e</span> <span class='ocrx_word' id='word_1_114' title='bbox 307 2860 402 2922; x_wconf 91' lang='lat' dir='ltr'>caelo</span> <span class='ocrx_word' id='word_1_115' title='bbox 422 2861 454 2920; x_wconf 93' lang='lat' dir='ltr'>in</span> <span class='ocrx_word' id='word_1_116' title='bbox 471 2880 574 2941; x_wconf 92' lang='lat' dir='ltr'>aquas</span> <span class='ocrx_word' id='word_1_117' title='bbox 593 2860 625 2920; x_wconf 92' lang='lat' dir='ltr'>in</span> <span class='ocrx_word' id='word_1_118' title='bbox 646 2860 760 2939; x_wconf 90' lang='lat' dir='ltr'>hydris</span> <span class='ocrx_word' id='word_1_119' title='bbox 779 2861 811 2920; x_wconf 92' lang='lat' dir='ltr'>in</span> <span class='ocrx_word' id='word_1_120' title='bbox 831 2861 954 2940; x_wconf 90' lang='lat' dir='ltr'>nuptiis</span> <span class='ocrx_word' id='word_1_121' title='bbox 973 2860 1028 2921; x_wconf 92' lang='lat' dir='ltr'>ubi</span> <span class='ocrx_word' id='word_1_122' title='bbox 1044 2870 1118 2923; x_wconf 87' lang='lat' dir='ltr'>erat</span> <span class='ocrx_word' id='word_1_123' title='bbox 1137 2861 1251 2922; x_wconf 89' lang='lat' dir='ltr'>Domi·</span> 
     </span>
     <span class='ocr_line' id='line_1_17' title="bbox 137 2952 1251 3036; baseline -0.003 -18"><span class='ocrx_word' id='word_1_124' title='bbox 137 2977 220 3031; x_wconf 87' lang='lat' dir='ltr'>nus;</span> <span class='ocrx_word' id='word_1_125' title='bbox 255 2967 289 3018; x_wconf 95' lang='lat' dir='ltr'>et</span> <span class='ocrx_word' id='word_1_126' title='bbox 313 2955 402 3036; x_wconf 92' lang='lat' dir='ltr'>quod</span> <span class='ocrx_word' id='word_1_127' title='bbox 427 2953 507 3016; x_wconf 86' lang='lat' dir='ltr'>ficus</span> <span class='ocrx_word' id='word_1_128' title='bbox 530 2952 677 3016; x_wconf 63' lang='lat' dir='ltr'>aresaCta</span> <span class='ocrx_word' id='word_1_129' title='bbox 699 2955 753 3027; x_wconf 90' lang='lat' dir='ltr'>sit,</span> <span class='ocrx_word' id='word_1_130' title='bbox 777 2975 836 3035; x_wconf 89' lang='lat' dir='ltr'>per</span> <span class='ocrx_word' id='word_1_131' title='bbox 858 2955 947 3035; x_wconf 92' lang='lat' dir='ltr'>quod</span> <span class='ocrx_word' id='word_1_132' title='bbox 967 2975 1035 3016; x_wconf 91' lang='lat' dir='ltr'>non</span> <span class='ocrx_word' id='word_1_133' title='bbox 1059 2956 1089 3016; x_wconf 92' lang='lat' dir='ltr'>ei</span> <span class='ocrx_word' id='word_1_134' title='bbox 1113 2955 1251 3035; x_wconf 87' lang='lat' dir='ltr'>amplius</span> 
     </span>
     <span class='ocr_line' id='line_1_18' title="bbox 136 3048 1251 3129; baseline -0.004 -16"><span class='ocrx_word' id='word_1_135' title='bbox 136 3052 179 3113; x_wconf 90' lang='lat' dir='ltr'>sit</span> <span class='ocrx_word' id='word_1_136' title='bbox 210 3049 355 3111; x_wconf 86' lang='lat' dir='ltr'>influxus</span> <span class='ocrx_word' id='word_1_137' title='bbox 385 3048 565 3129; x_wconf 90' lang='lat' dir='ltr'>spiritualis</span> <span class='ocrx_word' id='word_1_138' title='bbox 596 3048 758 3121; x_wconf 87' lang='lat' dir='ltr'>alimenti,</span> <span class='ocrx_word' id='word_1_139' title='bbox 785 3049 840 3129; x_wconf 91' lang='lat' dir='ltr'>qui</span> <span class='ocrx_word' id='word_1_140' title='bbox 871 3070 914 3110; x_wconf 88' lang='lat' dir='ltr'>ex</span> <span class='ocrx_word' id='word_1_141' title='bbox 942 3049 1055 3110; x_wconf 88' lang='lat' dir='ltr'>radice</span> <span class='ocrx_word' id='word_1_142' title='bbox 1083 3050 1251 3111; x_wconf 87' lang='lat' dir='ltr'>nutriebat</span> 
     </span>
     <span class='ocr_line' id='line_1_19' title="bbox 135 3142 1250 3225; baseline -0.003 -18"><span class='ocrx_word' id='word_1_143' title='bbox 135 3145 227 3207; x_wconf 93' lang='lat' dir='ltr'>illam</span> <span class='ocrx_word' id='word_1_144' title='bbox 242 3167 248 3221; x_wconf 90' lang='lat'>;</span> <span class='ocrx_word' id='word_1_145' title='bbox 273 3144 424 3206; x_wconf 89' lang='lat' dir='ltr'>similiter</span> <span class='ocrx_word' id='word_1_146' title='bbox 437 3145 469 3204; x_wconf 91' lang='lat' dir='ltr'>in</span> <span class='ocrx_word' id='word_1_147' title='bbox 486 3143 620 3224; x_wconf 92' lang='lat' dir='ltr'>reliquis</span> <span class='ocrx_word' id='word_1_148' title='bbox 635 3164 641 3204; x_wconf 90' lang='lat'>:</span> <span class='ocrx_word' id='word_1_149' title='bbox 667 3153 701 3205; x_wconf 91' lang='lat' dir='ltr'>et</span> <span class='ocrx_word' id='word_1_150' title='bbox 714 3144 803 3225; x_wconf 93' lang='lat' dir='ltr'>quod</span> <span class='ocrx_word' id='word_1_151' title='bbox 820 3144 866 3205; x_wconf 92' lang='lat' dir='ltr'>sic</span> <span class='ocrx_word' id='word_1_152' title='bbox 880 3142 1039 3204; x_wconf 90' lang='lat' dir='ltr'>miracula</span> <span class='ocrx_word' id='word_1_153' title='bbox 1053 3164 1121 3205; x_wconf 93' lang='lat' dir='ltr'>non</span> <span class='ocrx_word' id='word_1_154' title='bbox 1136 3164 1250 3205; x_wconf 91' lang='lat' dir='ltr'>secun·</span> 
     </span>
     <span class='ocr_line' id='line_1_20' title="bbox 135 3238 1250 3320; baseline -0.001 -18"><span class='ocrx_word' id='word_1_155' title='bbox 135 3241 214 3302; x_wconf 94' lang='lat' dir='ltr'>dum</span> <span class='ocrx_word' id='word_1_156' title='bbox 235 3240 380 3301; x_wconf 85' lang='lat' dir='ltr'>insanias</span> <span class='ocrx_word' id='word_1_157' title='bbox 399 3239 608 3320; x_wconf 90' lang='lat' dir='ltr'>quorundam</span> <span class='ocrx_word' id='word_1_158' title='bbox 628 3239 834 3300; x_wconf 89' lang='lat' dir='ltr'>eruditorum</span> <span class='ocrx_word' id='word_1_159' title='bbox 853 3238 963 3311; x_wconf 91' lang='lat' dir='ltr'>hodie,</span> <span class='ocrx_word' id='word_1_160' title='bbox 981 3259 1024 3300; x_wconf 84' lang='lat' dir='ltr'>ex</span> <span class='ocrx_word' id='word_1_161' title='bbox 1046 3241 1156 3301; x_wconf 88' lang='lat' dir='ltr'>causis</span> <span class='ocrx_word' id='word_1_162' title='bbox 1173 3260 1250 3301; x_wconf 88' lang='lat' dir='ltr'>con-</span> 
     </span>
     <span class='ocr_line' id='line_1_21' title="bbox 135 3330 1251 3416; baseline 0.001 -21"><span class='ocrx_word' id='word_1_163' title='bbox 135 3336 295 3416; x_wconf 90' lang='lat' dir='ltr'>quisitise</span> <span class='ocrx_word' id='word_1_164' title='bbox 313 3333 452 3406; x_wconf 89' lang='lat' dir='ltr'>Natura,</span> <span class='ocrx_word' id='word_1_165' title='bbox 467 3330 554 3395; x_wconf 61' lang='lat' dir='ltr'>saeta</span> <span class='ocrx_word' id='word_1_166' title='bbox 566 3335 643 3395; x_wconf 90' lang='lat' dir='ltr'>sint.</span> <span class='ocrx_word' id='word_1_167' title='bbox 690 3332 801 3413; x_wconf 83' lang='lat' dir='ltr'>Quare</span> <span class='ocrx_word' id='word_1_168' title='bbox 818 3332 874 3394; x_wconf 89' lang='lat' dir='ltr'>illa</span> <span class='ocrx_word' id='word_1_169' title='bbox 890 3344 968 3395; x_wconf 90' lang='lat' dir='ltr'>sunt</span> <span class='ocrx_word' id='word_1_170' title='bbox 985 3334 1251 3414; x_wconf 86' lang='lat' dir='ltr'>omnipotentiae</span> 
     </span>
     <span class='ocr_line' id='line_1_22' title="bbox 136 3427 1250 3507; baseline -0.004 -15"><span class='ocrx_word' id='word_1_171' title='bbox 136 3428 278 3492; x_wconf 90' lang='lat' dir='ltr'>Divinae</span> <span class='ocrx_word' id='word_1_172' title='bbox 306 3428 490 3489; x_wconf 88' lang='lat' dir='ltr'>secundum</span> <span class='ocrx_word' id='word_1_173' title='bbox 518 3428 669 3489; x_wconf 91' lang='lat' dir='ltr'>ordinem</span> <span class='ocrx_word' id='word_1_174' title='bbox 698 3427 843 3488; x_wconf 84' lang='lat' dir='ltr'>influxus</span> <span class='ocrx_word' id='word_1_175' title='bbox 870 3427 984 3488; x_wconf 90' lang='lat' dir='ltr'>mundi</span> <span class='ocrx_word' id='word_1_176' title='bbox 1012 3427 1195 3507; x_wconf 91' lang='lat' dir='ltr'>spiritualis</span> <span class='ocrx_word' id='word_1_177' title='bbox 1220 3428 1250 3488; x_wconf 89' lang='lat' dir='ltr'>in</span> 
     </span>
     <span class='ocr_line' id='line_1_23' title="bbox 135 3521 1250 3603; baseline -0.001 -18"><span class='ocrx_word' id='word_1_178' title='bbox 135 3524 335 3595; x_wconf 85' lang='lat' dir='ltr'>naturalem,</span> <span class='ocrx_word' id='word_1_179' title='bbox 361 3523 531 3585; x_wconf 84' lang='lat' dir='ltr'>duntaxat</span> <span class='ocrx_word' id='word_1_180' title='bbox 556 3541 631 3584; x_wconf 90' lang='lat' dir='ltr'>cum</span> <span class='ocrx_word' id='word_1_181' title='bbox 654 3522 717 3583; x_wconf 94' lang='lat' dir='ltr'>hac</span> <span class='ocrx_word' id='word_1_182' title='bbox 742 3521 940 3594; x_wconf 84' lang='lat' dir='ltr'>differentia,</span> <span class='ocrx_word' id='word_1_183' title='bbox 966 3521 1056 3602; x_wconf 89' lang='lat' dir='ltr'>quod</span> <span class='ocrx_word' id='word_1_184' title='bbox 1084 3521 1144 3584; x_wconf 87' lang='lat' dir='ltr'>illa</span> <span class='ocrx_word' id='word_1_185' title='bbox 1170 3543 1250 3603; x_wconf 89' lang='lat' dir='ltr'>quae</span> 
     </span>
     <span class='ocr_line' id='line_1_24' title="bbox 135 3613 1248 3697; baseline -0.004 -15"><span class='ocrx_word' id='word_1_186' title='bbox 135 3615 311 3682; x_wconf 66' lang='lat' dir='ltr'>adtualiter</span> <span class='ocrx_word' id='word_1_187' title='bbox 331 3620 483 3679; x_wconf 88' lang='lat' dir='ltr'>existunt</span> <span class='ocrx_word' id='word_1_188' title='bbox 503 3618 536 3677; x_wconf 92' lang='lat' dir='ltr'>in</span> <span class='ocrx_word' id='word_1_189' title='bbox 556 3616 681 3678; x_wconf 91' lang='lat' dir='ltr'>mundo</span> <span class='ocrx_word' id='word_1_190' title='bbox 698 3616 860 3697; x_wconf 87' lang='lat' dir='ltr'>spirituali</span> <span class='ocrx_word' id='word_1_191' title='bbox 876 3613 1053 3678; x_wconf 64' lang='lat' dir='ltr'>actualiter</span> <span class='ocrx_word' id='word_1_192' title='bbox 1069 3616 1166 3679; x_wconf 88' lang='lat' dir='ltr'>illata</span> <span class='ocrx_word' id='word_1_193' title='bbox 1185 3618 1248 3678; x_wconf 89' lang='lat' dir='ltr'>sint</span> 
     </span>
     <span class='ocr_line' id='line_1_25' title="bbox 135 3710 1250 3793; baseline -0.002 -19"><span class='ocrx_word' id='word_1_194' title='bbox 135 3711 258 3774; x_wconf 88' lang='lat' dir='ltr'>talibus</span> <span class='ocrx_word' id='word_1_195' title='bbox 282 3733 367 3793; x_wconf 90' lang='lat' dir='ltr'>quae</span> <span class='ocrx_word' id='word_1_196' title='bbox 395 3714 427 3773; x_wconf 92' lang='lat' dir='ltr'>in</span> <span class='ocrx_word' id='word_1_197' title='bbox 452 3712 578 3773; x_wconf 88' lang='lat' dir='ltr'>mundo</span> <span class='ocrx_word' id='word_1_198' title='bbox 602 3710 745 3773; x_wconf 88' lang='lat' dir='ltr'>naturali</span> <span class='ocrx_word' id='word_1_199' title='bbox 770 3710 1056 3791; x_wconf 89' lang='lat' dir='ltr'>correspondent;</span> <span class='ocrx_word' id='word_1_200' title='bbox 1088 3712 1179 3791; x_wconf 90' lang='lat' dir='ltr'>quod</span> <span class='ocrx_word' id='word_1_201' title='bbox 1206 3713 1250 3772; x_wconf 91' lang='lat' dir='ltr'>ita</span> 
     </span>
     <span class='ocr_line' id='line_1_26' title="bbox 136 3805 1250 3887; baseline -0.002 -19"><span class='ocrx_word' id='word_1_202' title='bbox 136 3808 179 3869; x_wconf 87' lang='lat' dir='ltr'>sit</span> <span class='ocrx_word' id='word_1_203' title='bbox 203 3816 237 3868; x_wconf 90' lang='lat' dir='ltr'>et</span> <span class='ocrx_word' id='word_1_204' title='bbox 262 3805 330 3868; x_wconf 88' lang='lat' dir='ltr'>fieri</span> <span class='ocrx_word' id='word_1_205' title='bbox 354 3808 471 3887; x_wconf 91' lang='lat' dir='ltr'>possit,</span> <span class='ocrx_word' id='word_1_206' title='bbox 492 3816 544 3868; x_wconf 88' lang='lat' dir='ltr'>est</span> <span class='ocrx_word' id='word_1_207' title='bbox 563 3806 831 3886; x_wconf 87' lang='lat' dir='ltr'>omnipotentiae</span> <span class='ocrx_word' id='word_1_208' title='bbox 852 3805 993 3866; x_wconf 87' lang='lat' dir='ltr'>Divinae</span> <span class='ocrx_word' id='word_1_209' title='bbox 1017 3825 1104 3885; x_wconf 88' lang='lat' dir='ltr'>quae</span> <span class='ocrx_word' id='word_1_210' title='bbox 1129 3805 1250 3867; x_wconf 91' lang='lat' dir='ltr'>intelli·</span> 
     </span>
     <span class='ocr_line' id='line_1_27' title="bbox 133 3900 1250 3983; baseline -0.002 -20"><span class='ocrx_word' id='word_1_211' title='bbox 133 3903 223 3983; x_wconf 86' lang='lat' dir='ltr'>gitur</span> <span class='ocrx_word' id='word_1_212' title='bbox 250 3921 308 3982; x_wconf 91' lang='lat' dir='ltr'>per</span> <span class='ocrx_word' id='word_1_213' title='bbox 333 3902 504 3981; x_wconf 86' lang='lat' dir='ltr'>“digitum</span> <span class='ocrx_word' id='word_1_214' title='bbox 533 3900 625 3974; x_wconf 90' lang='lat' dir='ltr'>Dei,”</span> <span class='ocrx_word' id='word_1_215' title='bbox 648 3921 692 3961; x_wconf 91' lang='lat' dir='ltr'>ex</span> <span class='ocrx_word' id='word_1_216' title='bbox 719 3921 786 3981; x_wconf 88' lang='lat' dir='ltr'>quo</span> <span class='ocrx_word' id='word_1_217' title='bbox 814 3900 978 3960; x_wconf 88' lang='lat' dir='ltr'>Dominus</span> <span class='ocrx_word' id='word_1_218' title='bbox 1005 3919 1065 3961; x_wconf 89' lang='lat' dir='ltr'>sua</span> <span class='ocrx_word' id='word_1_219' title='bbox 1093 3900 1250 3963; x_wconf 88' lang='lat' dir='ltr'>miracula</span> 
     </span>
     <span class='ocr_line' id='line_1_28' title="bbox 133 3997 307 4079; baseline -0.017 -19"><span class='ocrx_word' id='word_1_220' title='bbox 133 3997 307 4079; x_wconf 84' lang='lat' dir='ltr'>produxit.</span> 
     </span>
    </p>

    <p class='ocr_par' dir='ltr' id='par_1_5' title="bbox 132 4087 1252 4457">
     <span class='ocr_line' id='line_1_29' title="bbox 197 4087 1249 4170; baseline -0.001 -17"><span class='ocrx_word' id='word_1_221' title='bbox 197 4089 359 4153; x_wconf 88' lang='lat' dir='ltr'>Sermone</span> <span class='ocrx_word' id='word_1_222' title='bbox 372 4090 436 4152; x_wconf 93' lang='lat' dir='ltr'>hoc</span> <span class='ocrx_word' id='word_1_223' title='bbox 454 4089 560 4164; x_wconf 86' lang='lat' dir='ltr'>finito,</span> <span class='ocrx_word' id='word_1_224' title='bbox 574 4088 686 4170; x_wconf 86' lang='lat' dir='ltr'>angeli</span> <span class='ocrx_word' id='word_1_225' title='bbox 703 4099 840 4170; x_wconf 89' lang='lat' dir='ltr'>propter</span> <span class='ocrx_word' id='word_1_226' title='bbox 856 4087 912 4150; x_wconf 89' lang='lat' dir='ltr'>illa</span> <span class='ocrx_word' id='word_1_227' title='bbox 928 4108 1014 4169; x_wconf 89' lang='lat' dir='ltr'>quae</span> <span class='ocrx_word' id='word_1_228' title='bbox 1027 4087 1163 4152; x_wconf 92' lang='lat' dir='ltr'>locutus</span> <span class='ocrx_word' id='word_1_229' title='bbox 1180 4109 1249 4152; x_wconf 90' lang='lat' dir='ltr'>sum</span> 
     </span>
     <span class='ocr_line' id='line_1_30' title="bbox 133 4183 1251 4265; baseline -0.001 -17"><span class='ocrx_word' id='word_1_230' title='bbox 133 4205 187 4248; x_wconf 90' lang='lat' dir='ltr'>me</span> <span class='ocrx_word' id='word_1_231' title='bbox 204 4185 347 4247; x_wconf 89' lang='lat' dir='ltr'>osculati</span> <span class='ocrx_word' id='word_1_232' title='bbox 366 4194 455 4257; x_wconf 87' lang='lat' dir='ltr'>sunt,</span> <span class='ocrx_word' id='word_1_233' title='bbox 477 4195 511 4247; x_wconf 92' lang='lat' dir='ltr'>et</span> <span class='ocrx_word' id='word_1_234' title='bbox 536 4185 693 4247; x_wconf 87' lang='lat' dir='ltr'>dixerunt</span> <span class='ocrx_word' id='word_1_235' title='bbox 713 4184 803 4265; x_wconf 90' lang='lat' dir='ltr'>quod</span> <span class='ocrx_word' id='word_1_236' title='bbox 828 4183 870 4244; x_wconf 90' lang='lat' dir='ltr'>ad</span> <span class='ocrx_word' id='word_1_237' title='bbox 890 4193 1080 4244; x_wconf 87' lang='lat' dir='ltr'>conventus</span> <span class='ocrx_word' id='word_1_238' title='bbox 1101 4206 1181 4247; x_wconf 91' lang='lat' dir='ltr'>suos</span> <span class='ocrx_word' id='word_1_239' title='bbox 1201 4205 1251 4246; x_wconf 89' lang='lat' dir='ltr'>me</span> 
     </span>
     <span class='ocr_line' id='line_1_31' title="bbox 132 4278 1252 4362; baseline 0.001 -21"><span class='ocrx_word' id='word_1_240' title='bbox 132 4279 310 4362; x_wconf 90' lang='lat' dir='ltr'>aliquoties</span> <span class='ocrx_word' id='word_1_241' title='bbox 327 4281 529 4355; x_wconf 73' lang='lat' dir='ltr'>invitarent,</span> <span class='ocrx_word' id='word_1_242' title='bbox 553 4289 587 4342; x_wconf 90' lang='lat' dir='ltr'>et</span> <span class='ocrx_word' id='word_1_243' title='bbox 608 4299 673 4359; x_wconf 87' lang='lat' dir='ltr'>ego</span> <span class='ocrx_word' id='word_1_244' title='bbox 693 4280 819 4359; x_wconf 85' lang='lat' dir='ltr'>gratias</span> <span class='ocrx_word' id='word_1_245' title='bbox 840 4278 904 4357; x_wconf 84' lang='lat' dir='ltr'>egi,</span> <span class='ocrx_word' id='word_1_246' title='bbox 924 4287 958 4340; x_wconf 92' lang='lat' dir='ltr'>et</span> <span class='ocrx_word' id='word_1_247' title='bbox 976 4281 1146 4359; x_wconf 91' lang='lat' dir='ltr'>spopondi</span> <span class='ocrx_word' id='word_1_248' title='bbox 1167 4280 1252 4342; x_wconf 91' lang='lat' dir='ltr'>redi·</span> 
     </span>
     <span class='ocr_line' id='line_1_32' title="bbox 133 4373 883 4457; baseline -0.005 -20"><span class='ocrx_word' id='word_1_249' title='bbox 133 4384 224 4452; x_wconf 91' lang='lat' dir='ltr'>tum;</span> <span class='ocrx_word' id='word_1_250' title='bbox 248 4375 280 4437; x_wconf 94' lang='lat' dir='ltr'>id</span> <span class='ocrx_word' id='word_1_251' title='bbox 298 4375 433 4457; x_wconf 92' lang='lat' dir='ltr'>quando</span> <span class='ocrx_word' id='word_1_252' title='bbox 451 4375 549 4436; x_wconf 88' lang='lat' dir='ltr'>venia</span> <span class='ocrx_word' id='word_1_253' title='bbox 568 4374 666 4436; x_wconf 89' lang='lat' dir='ltr'>datur</span> <span class='ocrx_word' id='word_1_254' title='bbox 685 4394 705 4435; x_wconf 88' lang='lat' dir='ltr'>a</span> <span class='ocrx_word' id='word_1_255' title='bbox 725 4373 883 4436; x_wconf 89' lang='lat' dir='ltr'>Domino.</span> 
     </span>
    </p>
   </div>
   <div class='ocr_carea' id='block_1_5' title="bbox 0 0 1392 5040">
    <p class='ocr_par' dir='ltr' id='par_1_6' title="bbox 0 0 1392 5040">
     <span class='ocr_line' id='line_1_33' title="bbox 0 0 1392 5040; baseline 0 0"><span class='ocrx_word' id='word_1_256' title='bbox 0 0 1392 5040; x_wconf 95' lang='lat' dir='ltr'> </span> 
     </span>
    </p>
   </div>
  </div>
 </body>
</html>
