2776 5040
473 494 525 547 DE
547 492 654 547 NOVA
675 490 952 545 mnnosouvua
1056 489 1060 495 '

285 662 452 714 visitaverint
465 663 565 726 Ipsum,
574 674 601 714 et
613 664 640 712 in
652 676 758 713 carcere
770 663 894 713 venerint
906 663 941 712 sd
954 661 1062 724 Ipsum:
1079 668 1109 710 et
1118 658 1191 718 dein,
1200 657 1269 722 quod

285 739 412 792 quantum
425 729 536 779 iecerint
550 729 596 779 uni
610 743 644 779 ex
655 729 782 778 iratribus
794 729 851 778 suis
865 728 991 785 minimis,
1005 726 1061 790 Ipsi
1072 725 1187 776 lecerim
1200 725 1269 786 (xxv.

285 794 385 856 arao).

157 941 196 1005 In
216 940 282 1004 illis
301 961 363 1005 sex
380 942 479 1006 bonis
495 942 528 1005 in
544 939 711 1024 spirituali
725 959 827 1004 sensu
843 937 1028 1003 intellectis
1044 936 1270 1020 comprehen-

155 1035 282 1099 duntur
291 1036 405 1098 omnia
417 1054 544 1117 genera
556 1035 714 1118 proximi.
755 1033 840 1097 Inde
852 1034 957 1097 etiam
973 1041 1070 1115 patet
1081 1031 1271 1115 quod,cum

155 1137 289 1191 amatur
304 1128 441 1202 bonum,
458 1138 592 1192 ametur
608 1129 784 1201 Dominus,
798 1125 965 1190 Dominus
983 1126 1075 1190 enim
1093 1135 1149 1189 est
1166 1145 1189 1188 a
1205 1143 1273 1206 quo

155 1221 293 1296 bonum,
309 1223 366 1305 qui
384 1223 417 1284 in
437 1222 539 1296 bono,
556 1233 592 1287 et
611 1223 667 1306 qui
685 1222 794 1303 ipsum
814 1220 957 1284 Bonum.

214 1331 284 1397 91.
312 1316 441 1380 Verum
458 1336 527 1380 non
539 1318 644 1380 modo
659 1315 765 1380 homo
780 1317 813 1379 in
829 1317 994 1397 singulari
1010 1324 1064 1378 est
1079 1314 1272 1396 proximus,

155 1408 216 1471 sed
234 1409 339 1471 etiam
356 1408 460 1471 homo
478 1409 512 1472 in
536 1408 676 1490 plurali;
699 1419 753 1473 est
772 1428 919 1490 namque
936 1407 1085 1470 societas
1103 1407 1216 1468 minor
1237 1413 1273 1467 et

156 1501 271 1582 major,
285 1513 338 1566 est
355 1504 476 1585 patria,
491 1512 544 1566 est
560 1501 717 1577 ecclesia,
730 1514 784 1567 est
801 1521 942 1584 regnum
957 1501 1107 1572 Domini,
1120 1508 1158 1562 et
1173 1517 1273 1580 super

155 1613 274 1659 omnes
293 1606 346 1659 est
371 1597 448 1678 Ipse
467 1597 652 1659 Dominus:
680 1596 715 1659 hi
735 1607 814 1661 sunt
833 1597 1010 1677 proximus
1027 1595 1149 1677 quibus
1168 1593 1271 1655 bene·

155 1688 345 1752 laciendum
369 1688 421 1753 est
446 1712 490 1753 ex
513 1709 639 1753 amore.
684 1689 772 1754 Sunt
794 1692 899 1754 etiam
922 1689 957 1751 hi
979 1690 1107 1770 gradus
1125 1685 1272 1769 proximi

155 1784 402 1861 ascendentes;
425 1785 459 1847 in
479 1784 640 1866 superiori
656 1785 745 1847 enim
762 1785 870 1865 gradu
888 1793 942 1847 est
959 1784 1109 1845 societas
1128 1781 1272 1862 plurium

155 1896 255 1959 quam
272 1877 376 1940 homo
388 1878 588 1959 singularis;
608 1879 641 1940 in
657 1879 767 1941 adhuc
780 1878 943 1960 superiori
959 1879 1067 1959 gradu
1079 1886 1133 1939 est
1148 1875 1272 1957 patria;

155 1971 188 2033 in
205 1971 315 2035 adhuc
332 1972 494 2053 superiori
510 1971 618 2052 gradu
634 1981 687 2035 est
703 1971 867 2048 ecclesia;
887 1972 969 2033 etin
985 1970 1097 2033 adhuc
1110 1967 1273 2050 superiori

155 2064 264 2145 gradu
285 2075 339 2129 est
362 2084 504 2146 regnum
524 2064 682 2140 Domini;
710 2065 743 2127 in
763 2084 922 2146 supremo
939 2074 1055 2128 autem
1075 2072 1130 2126 est
1154 2062 1273 2125 Domi·

156 2177 228 2222 nus.
274 2159 406 2222 Gradus
429 2159 463 2222 hi
486 2160 713 2221 ascendentes
731 2168 810 2222 sunt
834 2160 922 2221 sicut
944 2158 1070 2244 gradus
1093 2156 1222 2231 scalae,
1241 2157 1274 2218 in

155 2251 248 2334 cujus
266 2253 395 2316 vertice
415 2262 468 2316 est
488 2253 676 2335 Dominus..
1278 2282 1280 2287 ν

214 2361 283 2427 92.
312 2346 469 2410 Societas
485 2357 540 2411 est
558 2350 735 2429 proximus
747 2366 829 2430 prae
847 2347 1011 2429 singulari
1029 2346 1183 2420 homine,
1196 2345 1276 2428 quia

155 2441 214 2504 illa
226 2444 383 2505 consistit
396 2464 441 2505 ex
455 2442 621 2525 pluribus:
642 2465 723 2526 erga
735 2444 828 2507 illam
842 2443 990 2506 charitas
1003 2442 1162 2506 similiter
1174 2462 1274 2505 exer·

155 2537 265 2600 cenda
283 2546 336 2599 est
355 2547 392 2599 ut
411 2556 494 2618 erga
509 2537 682 2601 hominem
701 2540 735 2602 in
754 2537 927 2618 singulari,
946 2555 1068 2618 nempe
1086 2535 1275 2600 secundum

155 2630 254 2712 quale
273 2631 353 2693 boni
372 2631 461 2713 quod
478 2631 567 2713 apud
586 2630 700 2709 illam;
724 2633 774 2695 ita
789 2651 925 2714 prorsus
943 2631 1043 2694 aliter
1061 2648 1146 2711 erga
1165 2630 1275 2694 socle-

156 2733 265 2788 tatem
297 2725 489 2803 proborum,
513 2744 614 2806 quam
644 2746 726 2808 erga
752 2727 955 2788 societatem
984 2720 1052 2787 non
1078 2725 1275 2805 proborum.

156 2816 304 2880 Amatur
315 2820 462 2880 societas
477 2837 579 2900 quum
596 2818 687 2883 bono
703 2819 772 2900 ejus
788 2819 976 2883 consulitur
987 2839 1033 2881 ex
1049 2837 1168 2881 amore
1185 2817 1276 2881 boni.

215 2929 288 2995 93·
316 2913 430 2976 Patria
451 2922 504 2975 est
523 2914 701 2994 proximus
724 2934 804 2997 prae
822 2916 1003 2987 societate,
1022 2915 1101 2995 quia
1120 2913 1276 2995 parentis

155 3004 263 3069 instar
289 3015 364 3081 est;
391 3005 436 3067 ibi
459 3006 549 3068 enim
572 3005 678 3068 homo
701 3016 802 3068 natus
825 3016 890 3079 est,
910 3006 1005 3069 illum
1028 3006 1146 3079 nutrit,
1172 3015 1210 3068 et
1233 3005 1278 3068 ab

156 3098 280 3179 injuriis
299 3108 441 3162 tutatur.
487 3098 620 3161 Patriae
639 3119 684 3162 ex
703 3118 819 3162 amore
838 3099 1118 3162 benefaciendum
1141 3109 1198 3162 est
1222 3118 1276 3162 se·

156 3194 303 3256 cundum
335 3192 560 3254 necessitates
592 3191 674 3271 ejus,
706 3213 793 3275 quae
819 3194 983 3274 imprimis
1013 3189 1174 3274 spectant
1205 3191 1277 3274 ejus

155 3283 293 3360 victum,
321 3296 357 3349 et
387 3303 503 3347 eorum
530 3285 585 3367 qui
616 3286 661 3347 ibi
691 3296 771 3350 sunt
798 3288 904 3349 vitam
930 3286 1076 3360 civilem,
1104 3297 1140 3349 et
1168 3288 1278 3350 vitam

156 3380 376 3461 spiritualem.
422 3375 488 3458 Qui
507 3388 601 3440 amat
620 3381 777 3459 patriam,
796 3392 833 3443 et
855 3383 885 3444 ei
909 3401 954 3444 ex
974 3380 1153 3443 benevelle
1170 3381 1278 3445 bene·

156 3473 248 3548 facit,
268 3475 295 3536 is
318 3475 351 3535 in
375 3471 484 3535 altera
503 3472 574 3534 vita
597 3484 692 3536 amat
715 3492 856 3554 regnum
881 3475 1029 3550 Domini,
1050 3493 1129 3537 nam
1153 3475 1200 3538 ibi
1223 3484 1278 3539 est

156 3586 297 3648 regnum
316 3566 453 3628 Domini
472 3565 503 3627 ei
521 3566 650 3645 patria;
675 3569 782 3650 etqui
800 3578 895 3632 amat
914 3587 1056 3649 regnum
1077 3569 1231 3645 Domini,
1250 3571 1279 3632 is

156 3669 250 3723 amat
274 3659 471 3732 Dominum,
495 3659 572 3740 quia
594 3658 762 3723 Dominus
784 3671 838 3723 est
862 3681 964 3726 omne
986 3663 1021 3725 in
1044 3664 1205 3727 omnibus
1227 3664 1279 3727 sui

157 3754 263 3835 regni.

215 3863 289 3930 94.
318 3846 477 3911 Ecclesia
492 3856 545 3910 est
561 3849 738 3929 proximus
755 3870 837 3932 prae
849 3853 972 3931 patria,
985 3870 1064 3914 nam
1077 3854 1135 3935 qui
1149 3872 1279 3919 consu·

157 3940 196 4004 lit
211 3940 387 4014 ecclesiae,
405 3941 552 4003 consulit
568 3942 745 4006 animabus
761 3953 797 4006 et
812 3944 904 4006 vitae
920 3953 1080 4007 aeternae
1097 3946 1278 4013 hominum

156 4034 213 4116 qui
240 4035 273 4095 in
301 4034 433 4114 patria;
464 4054 567 4115 quare
590 4035 645 4115 qui
668 4037 816 4099 consulit
839 4036 1004 4100 ecclesiae
1028 4058 1073 4101 ex
1096 4058 1228 4117 amore,
1250 4045 1280 4107 is

156 4136 249 4190 amat
269 4128 460 4207 proximum
480 4127 514 4188 in
533 4128 694 4208 superiori
713 4131 830 4210 gradu,
848 4149 927 4193 nam
946 4132 974 4193 is
992 4129 1126 4195 caelum
1146 4143 1185 4198 et
1203 4136 1279 4200 leli·

156 4222 299 4284 citatem
318 4220 409 4282 vitae
429 4221 462 4281 in
482 4229 659 4282 aeternum
679 4221 752 4284 aliis
772 4233 869 4305 optat
890 4234 925 4287 et
945 4224 1029 4286 vult.

215 4330 288 4398 95.
317 4313 476 4396 Regnum
496 4314 635 4376 Domini
653 4325 707 4378 est
725 4318 903 4397 proximus
925 4320 958 4381 in
976 4320 1088 4383 adhuc
1108 4325 1278 4405 superiori

156 4407 274 4488 gradu,
300 4424 378 4469 nam
401 4423 544 4486 regnum
568 4405 705 4469 Domini
728 4410 885 4473 consistit
911 4430 956 4474 ex
979 4413 1139 4476 omnibus
1161 4416 1220 4498 qui
1245 4417 1278 4479 in
