2776 5040
371 497 573 549 ruvirnrro
592 497 645 548 nu
665 498 801 550 novara
819 498 1042 550 ecctnsmu.
1223 485 1264 564 87

144 664 286 730 oriunda
298 686 343 729 ex
355 665 674 742 confirmationibus,
687 668 721 730 in
734 688 799 750 qua
815 667 889 732 luce
904 678 958 731 est
972 666 1133 731 naturalis
1149 667 1262 739 homo,

145 759 227 823 dum
253 760 434 842 spiritualis
464 761 567 825 homo
593 762 760 826 illuminat
787 762 902 826 illum:
933 763 1038 825 immo
1064 761 1264 825 naturalista

144 854 268 918 atheus
294 864 408 937 potest
431 856 540 937 jurare
562 856 653 938 quod
680 856 772 919 Deus
797 876 864 920 non
891 858 946 931 sit,
970 856 1060 939 quod
1084 857 1198 939 utique
1221 858 1264 919 sit

145 948 251 1012 modo
262 950 395 1012 vanitas
410 949 537 1032 plebis;
561 946 689 1033 ¹¹¹quare
701 951 803 1015 corde
814 970 875 1014 suo
887 950 1072 1015 subsannat
1088 950 1262 1014 Ecclesiae

148 1040 315 1106 dol'tores.

208 1223 291 1310 (28.)
323 1225 452 1291 Notum
471 1237 525 1291 est
544 1228 578 1291 in
598 1227 766 1303 Ecclesia,
783 1228 874 1311 quod
894 1228 1050 1292 Ecclesia
1070 1229 1115 1292 sit
1132 1227 1263 1311 Corpus

141 1317 288 1399 Christi;
312 1322 372 1384 sed
392 1319 557 1385 haetenus
576 1343 645 1385 non
664 1325 788 1387 scitum
806 1333 860 1387 est
876 1323 1050 1406 quomodo
1068 1332 1132 1386 est.
1178 1323 1263 1388 Inde

140 1415 309 1498 estquod
337 1417 529 1480 universum
556 1417 688 1481 caelum
716 1419 762 1481 sit
788 1419 876 1481 sicut
903 1438 988 1481 unus
1016 1417 1121 1481 homo
1147 1437 1262 1482 coram

141 1508 312 1589 Domino;
336 1521 371 1575 et
391 1511 445 1575 hic
465 1512 569 1575 homo
585 1510 764 1576 distind'tus
783 1522 837 1578 est
855 1513 888 1576 in
908 1514 1104 1588 societates,
1121 1533 1262 1595 quarum

140 1603 315 1686 quaelibet
333 1605 434 1670 refert
455 1626 558 1670 unum
582 1608 783 1683 membrum,
800 1628 861 1670 seu
883 1627 1049 1690 organum
1072 1617 1108 1671 et
1123 1603 1262 1672 ¹¹¹viscus

139 1699 176 1761 in
192 1697 350 1778 homine;
370 1702 402 1764 in
415 1722 482 1784 quo
499 1702 636 1766 homine
653 1722 712 1766 seu
728 1722 881 1785 corpore,
896 1702 1063 1766 Dominus
1079 1712 1132 1766 est
1148 1704 1262 1767 anima

140 1812 203 1855 seu
218 1794 298 1856 vita.
344 1795 511 1859 Dominus
527 1793 646 1860 ¹⁸¹enim
662 1798 804 1879 inspirat
820 1796 995 1875 homines;
1018 1807 1054 1860 et
1071 1816 1148 1860 cum
1163 1817 1261 1879 prae·

139 1907 221 1951 sens
243 1898 308 1965 est,
333 1910 494 1971 praesens
517 1901 570 1955 est
596 1912 657 1974 per
679 1890 804 1967 caelos,
829 1892 917 1955 sicut
944 1893 1056 1955 anima
1083 1911 1260 1974 persuum

140 2001 274 2065 corpus.
318 1983 434 2048 Simile
453 1996 507 2049 est
526 2005 603 2049 cum
627 1985 785 2050 Ecclesia
806 1987 840 2048 in
861 1987 977 2064 terris;
1002 2005 1081 2049 nam
1101 1985 1185 2049 haec
1204 1996 1259 2050 est

139 2085 305 2141 externus
327 2077 441 2143 homo.
488 2078 601 2161 Quare
619 2081 761 2163 quisque
783 2100 843 2164 per
862 2091 1008 2145 mortem
1027 2080 1199 2163 colligitur
1216 2080 1261 2143 ad

139 2189 220 2235 suos
238 2173 271 2235 in
290 2172 349 2236 illo
368 2194 521 2256 corpore,
538 2184 604 2238 etc.

206 2353 288 2439 (²9·)
321 2355 424 2439 Quod
447 2358 505 2422 illa
523 2380 611 2442 quae
633 2355 739 2423 ¹⁴¹dein
758 2370 991 2424 memorantur
1013 2379 1082 2423 non
1105 2360 1173 2422 sint
1197 2359 1259 2422 mi·

139 2450 266 2526 racula,
287 2453 347 2515 sed
366 2455 565 2517 testimonia
583 2455 674 2538 quod
697 2476 718 2519 a
736 2455 887 2518 Domino
905 2452 1117 2519 introdul'tus
1139 2454 1201 2517 sim
1225 2456 1259 2517 in

137 2545 302 2619 mundum
328 2548 549 2630 spiritualem,
577 2559 717 2632 propter
742 2546 852 2613 ¹⁵¹fines
880 2547 960 2632 (qui.
978 2598 985 2612 .
1000 2599 1007 2612 .
1020 2598 1028 2612 .
1042 2597 1049 2612 .
1063 2549 1098 2632 .·).
1157 2547 1259 2630 Quod

137 2640 301 2704 miracula
323 2661 392 2705 non
415 2642 499 2707 fiant
522 2643 623 2707 hodie
649 2641 782 2726 (causae
783 2691 938 2720 ........
936 2666 943 2682 ·
973 2653 1043 2707 tum
1064 2664 1107 2705 ex
1123 2641 1263 2706 Domini

137 2733 262 2810 uerbis,
275 2735 399 2799 Mattio.
414 2736 527 2820 xxiv).
564 2735 630 2820 (De
640 2738 812 2802 miraculis
823 2737 969 2802 Antonii
976 2737 1124 2813 Paduoe,
1137 2746 1170 2800 et
1178 2735 1258 2817 plu·

136 2827 227 2892 rium
242 2830 303 2911 qui
311 2839 380 2912 pro
395 2831 530 2895 Sanllis
546 2831 706 2908 coluntur,
723 2853 864 2915 quorum
878 2831 1049 2896 miraculis
1063 2830 1165 2912 pleno
1180 2841 1259 2895 sunt

138 2926 364 3001 monasterra;
386 2925 427 2989 dr
441 2925 613 2990 miraculis
627 2926 747 3004 Paris,
764 2927 805 2991 dr
821 2926 940 3010 quibus
955 2927 1019 2989 duo
1036 2925 1205 2990 volumino
1223 2924 1258 2986 in

137 3019 284 3103 quarto.)

203 3207 285 3293 (30.)
317 3208 418 3292 Quod
443 3210 611 3274 Dominus
630 3212 664 3275 in
683 3211 893 3294 plenitudine
913 3211 1075 3292 temporis
1093 3218 1256 3274 venturus
1293 3280 1300 3297 ι

136 3303 182 3368 sit
200 3314 235 3368 et
251 3304 470 3385 judicaturus,
491 3305 695 3388 intelligitur
713 3326 773 3390 per
792 3306 901 3388 Ipsius
919 3305 1033 3380 verba,

188 3436 329 3501 “Quando
342 3439 445 3488 venerit
463 3438 545 3489 Filius
562 3438 680 3489 hominis
697 3439 724 3489 in
742 3439 829 3502 gloria
845 3453 902 3497 sue,
916 3448 943 3488 et
955 3452 1050 3488 omnes
1062 3435 1148 3488 sandtl
1165 3438 1255 3501 angeli

267 3518 327 3553 cum
347 3503 419 3566 Ipso,
435 3514 499 3554 tunc
517 3505 622 3555 sedebit
638 3520 718 3568 super
734 3506 832 3554 throno
849 3504 950 3567 gloriae
968 3517 1048 3562 suae;
1066 3514 1093 3554 et
1110 3518 1257 3565 congrega·

267 3570 365 3618 buntur
374 3585 464 3619 coram
476 3570 540 3633 lpso
549 3585 644 3621 omnes
653 3579 757 3633 gentes,
768 3579 795 3619 et
807 3570 941 3632 separabit
950 3584 996 3618 eas
1007 3569 1176 3627 abinvicem,
1187 3569 1256 3619 sicut

267 3644 359 3697 pastor
370 3646 476 3698 separat
488 3650 554 3686 oves
565 3638 600 3686 ab
611 3634 719 3695 hireis,''
731 3645 781 3686 etc.
795 3633 885 3696 (Mati.
896 3649 959 3685 xxv.
971 3647 1011 3696 31,
1023 3633 1073 3698 32).

136 3757 203 3821 Hic
220 3757 403 3823 Adventus
424 3759 561 3824 Domini
580 3759 783 3842 intelligitur
798 3780 858 3842 per
875 3759 961 3823 haec
979 3757 1129 3841 Symboli
1139 3757 1171 3822 Α
1172 3768 1254 3840 pos·

134 3852 232 3929 tolici,
253 3853 296 3918 de
312 3854 393 3935 Jesu
412 3854 569 3919 Christo:

188 3985 357 4041 “Ascendit
366 3987 403 4041 ad
416 3988 530 4050 caelos:
548 3988 633 4043 sedet
645 3988 682 4042 ad
693 3987 828 4043 dextram
843 3986 899 4042 Dei
914 3986 1012 4044 Patris
1024 3985 1254 4058 omnipotentis,

134 4057 205 4112 inde
217 4069 360 4113 venturus
373 4069 419 4113 est
432 4056 589 4129 ¹⁸¹judicare
602 4059 688 4114 vivos
700 4069 731 4114 et
744 4058 911 4122 mortuos;''

133 4189 238 4349 &llam
269 4185 357 4273 [per]
392 4188 458 4252 hoc
491 4190 525 4254 in
555 4189 708 4272 Symbola
739 4188 894 4266 Nicoma,
922 4190 966 4253 de
995 4188 1145 4254 Domino
1171 4187 1253 4270 Jesu

188 4284 291 4349 risto:

186 4416 355 4473 “Ascendit
364 4417 401 4473 ad
414 4418 530 4481 caelos:
551 4416 636 4474 sedet
646 4417 684 4473 ad
697 4417 834 4475 dextram
848 4417 962 4480 Petris:
981 4426 1011 4474 et
1025 4415 1133 4474 iterum
1144 4424 1252 4479 ventu·¹

132 4503 183 4543 ms
195 4498 238 4544 ert
255 4489 285 4544 in
297 4489 400 4562 glorio,
414 4487 574 4561 ffljudioare
585 4489 672 4546 vivos
690 4499 722 4546 et
741 4500 890 4554 mortuom
910 4489 996 4561 cujus
1012 4488 1103 4560 regno·
1116 4502 1174 4542 non
1191 4484 1252 4541 ml

127 4558 227 4628 Μ·
