2776 5040
357 527 558 579 1uv1rnr1o
581 529 634 579 AD
657 527 794 579 uovau
818 528 1041 580 aectasmu.
1210 528 1253 600 9³

133 696 282 761 alterum
301 716 408 778 genus
430 707 484 760 est
506 697 738 779 cognitionum
758 717 845 779 quae
863 693 1078 779 ¹¹¹procedunt
1096 696 1141 763 ab
1163 696 1254 780 Ipso,

131 801 213 855 —et
232 811 319 874 quae
336 791 524 873 procedunt
546 812 590 855 ex
612 791 691 873 Ipso
709 801 788 854 sunt
808 792 906 873 lpse;
930 792 1018 855 sicut
1036 791 1128 875 quod
1150 791 1255 857 docet

133 885 178 949 de
201 884 388 960 Charitate,
407 886 451 948 de
470 885 593 949 Libero
616 885 779 960 Arbitrio,
803 886 847 949 de
870 887 1093 961 Paenitentia,
1117 886 1160 951 de
1183 887 1255 952 Re·

133 979 368 1060 generatione,
397 979 440 1043 de
469 978 709 1055 Sacramentis,
737 990 772 1044 et
803 979 1012 1062 perpluribus
1041 980 1136 1044 aliis:
1169 981 1254 1047 haec

132 1095 269 1158 quoque
287 1074 414 1139 saciunt
432 1075 543 1138 ideam
564 1074 711 1150 Domini,
731 1076 809 1158 quia
826 1076 870 1139 ab
890 1075 970 1158 Ipso
988 1085 1079 1139 sunt.

201 1256 283 1340 (42.)
316 1257 490 1321 Arcanum
512 1279 533 1321 e
559 1258 686 1321 mundo
713 1259 875 1340 spirituali
902 1270 966 1334 est,
990 1260 1081 1341 quod
1104 1259 1160 1343 qui
1186 1280 1256 1325 non
1345 1336 1349 1345 ¹

133 1347 241 1415 ¹¹¹cum
260 1352 336 1415 idea
354 1353 398 1416 de
417 1352 483 1416 lllo
501 1350 630 1417 directe
648 1362 684 1416 et
707 1354 902 1417 immediate
921 1355 1004 1427 adit,
1024 1374 1093 1417 non
1115 1356 1256 1419 sistatur

133 1466 307 1528 praesens,
324 1456 359 1510 et
375 1448 485 1510 minus
499 1458 580 1510 tunc
597 1457 712 1530 potest
729 1444 1073 1512 ¹⁸¹communicationis
1089 1450 1256 1532 recipiens

133 1539 206 1603 fieri
219 1561 227 1617 ;
250 1541 311 1604 sed
323 1551 376 1604 est
389 1543 476 1605 sicut
488 1542 561 1624 quis
573 1552 670 1605 stans
681 1563 702 1604 a
714 1542 831 1615 latere,
842 1553 878 1605 et
890 1554 1031 1625 apparet
1043 1545 1077 1606 in
1090 1545 1235 1608 obscuro
1246 1565 1255 1625 ;

134 1654 198 1697 nec
216 1644 331 1716 potest
347 1637 421 1718 quis
436 1655 512 1698 cum
527 1635 640 1717 aliquo
656 1635 746 1718 loqui
763 1637 824 1698 nisi
841 1634 968 1700 directe
985 1636 1077 1701 illum
1093 1639 1254 1715 intuetur,

134 1728 197 1792 sed
212 1739 293 1792 tunc
309 1729 408 1793 datur
424 1731 686 1793 communicatio
701 1731 734 1793 in
751 1728 960 1812 inspectione
975 1733 1157 1813 reciproca.
1199 1731 1255 1796 Sic

134 1833 171 1887 et
189 1843 257 1886 non
273 1822 372 1887 aliter
387 1825 561 1888 intrabunt
578 1825 673 1888 ideae
689 1825 723 1887 in
739 1825 864 1903 ullum;
887 1836 924 1888 et
940 1826 967 1888 si
983 1836 1065 1889 tunc
1080 1846 1178 1889 amor
1188 1837 1254 1904 est,

134 1915 201 1983 ¹⁴¹fit
218 1917 418 1999 conjunctio.
463 1919 498 1983 Si
511 1940 593 2001 ergo
605 1921 678 2001 quis
690 1917 787 1982 ¹⁶¹adit
805 1921 939 1983 Patrem
953 1921 1158 1994 immediate,
1173 1930 1255 1986 tunc

134 2023 206 2076 stat
223 2023 384 2095 tanquam
400 2034 421 2076 a
439 2014 565 2091 latere;
589 2016 687 2078 etsie
704 2015 974 2096 redemptionem
991 2016 1071 2078 dare
1087 2025 1123 2078 et
1142 2014 1256 2098 largiri

134 2127 205 2171 non
222 2117 348 2189 potest,
362 2107 427 2171 hoc
443 2119 507 2184 est,
521 2128 589 2172 non
603 2109 696 2172 illum
710 2129 910 2191 regenerare
925 2119 960 2172 et
977 2119 1099 2192 postea
1114 2109 1256 2175 salvare.

202 2303 283 2387 (43.)
316 2304 416 2386 Quod
430 2306 658 2370 manifestatio
669 2306 804 2369 Domini
817 2307 850 2369 in
864 2307 1020 2380 Persona,
1032 2327 1071 2370 ac
1082 2307 1256 2371 introduc·

134 2401 186 2463 tio
204 2401 237 2462 in
257 2400 418 2463 mundum
437 2401 655 2483 spiritualem,
675 2411 746 2464 tam
765 2401 876 2484 quoad
896 2403 1003 2463 visum
1022 2420 1123 2482 quam
1142 2402 1255 2484 quoad

134 2496 288 2558 auditum
308 2505 343 2559 et
362 2495 531 2578 loquelam
549 2517 570 2558 a
589 2496 748 2571 Domino,
767 2505 919 2578 praestet
938 2497 1093 2559 omnibus
1112 2497 1256 2560 miracu·

134 2589 198 2668 lis;
232 2591 391 2672 quoniam
421 2610 489 2654 non
519 2590 644 2672 legitur
673 2589 765 2653 ullibi
794 2590 828 2653 in
855 2587 1051 2653 ¹⁸¹historicis
1069 2590 1160 2672 quod
1185 2591 1256 2656 tale

135 2685 375 2748 commercium
399 2705 475 2748 cum
495 2685 625 2766 angelis
648 2696 684 2748 et
707 2685 877 2766 spiritibus
899 2705 919 2747 a
943 2686 1116 2747 creatione
1139 2686 1256 2749 mundi

135 2798 336 2842 concessum
355 2780 463 2843 suerit.
495 2778 575 2842 Sum
592 2782 681 2843 enim
698 2780 840 2842 cottidie
856 2798 931 2842 cum
947 2778 1078 2859 angelis
1097 2779 1152 2853 ibi,
1169 2779 1256 2844 sicut

135 2874 170 2936 in
194 2873 322 2936 mundo
344 2894 419 2936 cum
443 2874 644 2948 hominibus,
668 2884 703 2938 et
728 2893 815 2936 nunc
839 2894 899 2955 per
921 2882 1052 2954 septem
1076 2882 1111 2935 et
1136 2873 1257 2954 viginti

135 2987 255 3030 annos,
300 2968 512 3032 Testimonia
533 2967 629 3049 hujus
648 2969 839 3032 commercii
863 2977 942 3030 sunt
961 2967 1035 3029 libri
1057 2987 1078 3028 a
1101 2987 1155 3029 me
1173 2966 1257 3030 editi

136 3062 180 3126 de
197 3061 301 3126 Caelo
320 3073 355 3126 et
375 3063 521 3137 Inlerno,
538 3073 574 3126 et
590 3083 723 3144 quoque
740 3062 973 3125 Memorabilia
989 3061 1068 3124 inde
1087 3063 1119 3122 in
1136 3060 1257 3125 ultimo

137 3177 251 3239 opere,
284 3156 370 3220 Vera
399 3157 600 3221 Christiana
630 3157 761 3237 Relrgr'e
790 3156 974 3239 appellato,
999 3165 1071 3218 tum
1098 3175 1184 3237 quae
1210 3155 1256 3220 ibi

136 3253 180 3315 de
204 3252 366 3327 Luthero‚
392 3250 645 3325 Melantthone,
666 3251 819 3325 Calvino,
840 3253 948 3334 deque
971 3250 1090 3313 incolis
1113 3250 1256 3332 plurium

137 3367 330 3428 regnorum,
347 3357 382 3410 et
402 3357 535 3429 praeter
550 3347 608 3410 illa
623 3348 715 3409 varia
732 3347 929 3409 testimonia
944 3342 1002 3408 ¹¹¹in
1020 3346 1147 3407 mundo
1161 3353 1255 3420 nota,

137 3437 298 3523 ¹⁸¹praeter
310 3441 405 3523 plura
421 3461 490 3505 non
502 3442 631 3523 ignota.
677 3440 800 3515 Dicite,
814 3441 888 3523 quis
905 3460 1009 3523 usque
1025 3440 1114 3521 prius
1130 3437 1256 3522 aliquid

137 3538 234 3601 novit
260 3537 302 3600 de
327 3536 432 3600 Caelo
450 3546 486 3600 et
512 3535 786 3618 Infernoi-quis
812 3535 854 3599 de
879 3534 980 3599 Statu
1009 3534 1153 3596 hominis
1178 3545 1256 3617 post

139 3632 288 3696 Mortem
300 3631 428 3713 ?—-quis
447 3632 490 3694 de
509 3630 686 3713 Spiritibus
704 3640 739 3694 et
759 3629 928 3712 Angelis?
947 3639 1024 3702 etc.,
1043 3638 1109 3692 etc.

204 3725 285 3807 (44.)
310 3726 445 3789 Praeter
455 3725 512 3788 illa
522 3724 981 3788 evidentissimatestimonia
993 3721 1255 3806 [addaturhoc],

137 3822 229 3905 quod
245 3840 362 3883 sensus
380 3820 561 3903 spiritualis
578 3819 683 3882 Verbi
701 3840 721 3882 a
738 3819 887 3882 Domino
905 3839 964 3900 per
980 3838 1034 3882 me
1053 3814 1124 3881 [⁹¹sit
1140 3818 1257 3881 detec-

138 3926 204 3989 tus,
229 3913 319 3998 ¹¹⁰¹qui
350 3935 513 3999 nusquam
540 3916 640 3996 prius,
667 3924 849 3997 postquam
876 3913 1027 3976 Verbum
1054 3913 1143 3994 apud
1170 3910 1257 3976 filios

138 4009 273 4074 Israelis
296 4012 468 4092 scriptum,
493 4009 663 4073 revelatus
684 4019 758 4086 est;
782 4005 853 4072 ¹¹¹¹et
875 4008 928 4071 hic
952 4017 1004 4070 est
1023 4008 1130 4089 ipsum
1150 4005 1257 4070 Sanc·

138 4106 283 4169 tuarium
302 4105 427 4182 Verbi;
451 4115 503 4169 est
529 4104 605 4186 Ipse
629 4103 795 4166 Dominus
814 4104 847 4166 in
865 4102 925 4166 illo
944 4121 1021 4166 cum
1041 4102 1164 4164 Divino
1183 4121 1257 4176 suo,

138 4210 174 4264 et
190 4201 224 4263 in
240 4219 340 4263 sensu
357 4199 501 4263 naturali
518 4218 593 4262 cum
611 4197 771 4260 Humano
790 4219 861 4261 suo.
906 4194 1022 4269 1¹¹1Hic,
1036 4216 1079 4259 ne
1094 4195 1167 4275 jota
1182 4195 1256 4277 qui·

137 4295 227 4369 dem,
255 4295 374 4377 aperiri
406 4296 522 4377 nequit
551 4295 612 4356 nisi
639 4292 751 4356 asolo
783 4293 941 4356 Domino.
998 4290 1074 4354 Hoc
1103 4298 1256 4372 praestat

137 4390 293 4454 omnibus
316 4390 580 4453 revelationibus
603 4409 691 4471 quae
714 4385 879 4451 hactenus
902 4409 922 4450 a
945 4382 1117 4450 creatione
1137 4384 1254 4448 mundi

136 4483 280 4550 fuerunt.
325 4485 387 4548 Per
406 4484 648 4548 revelationem
671 4482 764 4546 illam
787 4492 840 4546 est
859 4481 1121 4545 communicatio
1144 4478 1254 4542 homi·
