2776 5040
168 482 343 547 ANTIQUA
353 483 456 533 ERAT
467 484 647 535 ECCLESIA
658 482 1114 535 REPRAESENTATIVA.·-N.
1124 486 1175 549 42.
1212 484 1248 550 53

133 648 303 733 Quodque
322 649 475 714 similiter
494 651 603 733 Tyrus
622 673 666 717 ex
685 653 756 716 his:

180 790 224 839 Tu
245 790 368 865 princeps
386 789 459 853 Tyri,
482 790 604 852 “plenus
625 787 765 851 sapientia,
784 796 812 838 et
832 784 965 850 perfectus
986 786 1198 850 pulchritudine;
1225 786 1251 835 in

265 861 393 930 [Edene‚]
405 865 494 914 Horto
505 865 554 914 Dei
564 864 645 922 fuisti,
657 865 745 913 omnis
755 864 822 926 lapis
831 864 963 926 pretiosus
973 871 1156 924 tegumentum
1167 871 1250 912 tuum.

266 967 331 981 ....
370 928 506 980 Perfet‘tus
524 940 552 980 tu
570 930 597 978 in
616 929 666 979 viis
685 930 745 987 tuis,
759 944 776 977 a
793 929 836 978 die
853 943 905 991 quo
920 938 1032 987 creatus,
1046 928 1131 977 donec
1143 927 1254 976 inventa

264 1005 305 1045 est
317 997 476 1058 perversitas
489 996 515 1045 in
526 1005 552 1045 te
560 994 574 1015 ''
586 995 686 1057 (Erech.
699 995 788 1044 xxviii.
802 993 899 1054 12-15).

132 1138 236 1221 Quod
253 1138 391 1204 Aschur
404 1139 502 1203 suerit
519 1140 606 1203 sicut
624 1139 777 1202 “cedrus
795 1139 828 1202 in
845 1137 1006 1212 Libano‚’'
1022 1157 1067 1201 ex
1085 1136 1157 1200 his:

185 1285 281 1337 “Ecce
302 1286 407 1336 Aschur
428 1287 522 1336 cedrus
545 1287 572 1336 in
597 1286 708 1344 Libano,
728 1286 838 1349 pulchra
857 1301 932 1334 ramo
934 1322 1017 1343 .....
1028 1286 1084 1335 alta
1103 1285 1251 1335 altitudine.

268 1389 275 1402 .
288 1390 294 1402 .
307 1389 313 1402 .
326 1389 332 1402 .
370 1353 401 1401 ln
419 1353 499 1402 ramis
511 1352 570 1415 ejus
583 1352 751 1401 nidificarunt
763 1366 857 1401 omnes
869 1366 933 1400 aves
945 1351 1088 1408 caelorum,
1103 1360 1130 1399 et
1146 1352 1196 1399 sub
1214 1365 1254 1398 ra·

226 1465 232 1475 ,
267 1418 318 1467 mis
330 1417 388 1479 ejus
401 1427 559 1480 pepererunt
571 1418 661 1466 omnis
673 1418 759 1466 bestia
769 1417 834 1479 agri,
849 1427 876 1466 et
888 1417 913 1465 in
924 1418 1018 1465 umbra
1030 1415 1089 1478 ejus
1100 1416 1253 1465 habitarunt

267 1498 361 1531 omnes
379 1493 473 1545 gentes
492 1498 614 1544 magnae.
752 1481 848 1532 Omnis
868 1483 948 1531 arbor
968 1482 994 1530 in
1018 1481 1107 1530 Horto
1128 1479 1178 1529 Dei
1199 1495 1253 1528 non

268 1563 316 1610 par
329 1548 378 1597 luit
396 1548 432 1597 illi
449 1548 643 1610 pulchritudine
645 1584 747 1606 ......
762 1557 788 1596 et
805 1548 953 1596 aemulatae
970 1556 1033 1596 sunt
1050 1547 1089 1596 illi
1102 1560 1196 1595 omnes
1213 1560 1255 1594 ar·

267 1614 346 1662 bores
360 1613 458 1662 Edenis
471 1628 537 1676 quae
551 1613 578 1661 in
592 1613 680 1663 Horto
694 1612 743 1662 Dei
751 1612 765 1632 '’
774 1613 875 1674 (Erech.
887 1613 959 1662 xxxi.
971 1611 1037 1675 3-9).

133 1752 238 1837 Quod
258 1755 424 1836 sapientia
443 1754 590 1818 floruerit
609 1755 642 1818 in
661 1754 801 1831 Arabia,
822 1764 959 1818 constat

204 1901 245 1952 Ex
258 1900 424 1965 proiectione
437 1902 556 1968 Reginae
569 1903 687 1953 Schebae
699 1903 733 1952 ad
745 1903 916 1952 Salomonem
929 1902 952 1962 (1
963 1903 1024 1966 Reg.
1036 1917 1061 1952 x.
1075 1897 1188 1964 1-131¹l);

133 2027 220 2082 tunc

187 2151 228 2201 Ex
246 2153 329 2201 tribus
342 2153 510 2215 Sapientibus
522 2154 567 2218 qul
578 2163 709 2204 venerunt
725 2154 759 2204 ad
776 2152 868 2218 Jesum
885 2168 978 2204 recens
996 2163 1097 2213 natum,
1111 2162 1254 2217 praeeunte

269 2218 347 2266 stella
358 2219 465 2280 (Mutet.
480 2219 506 2268 ii.
520 2218 601 2281 1-12).

203 2362 322 2424 Tertius
336 2368 370 2425 et
382 2367 512 2443 quur-tus
525 2367 628 2426 elutus
639 2362 727 2425 illius
744 2362 930 2438 Ecclesiae,
945 2365 999 2445 qui
1015 2363 1075 2426 suit
1091 2362 1160 2445 ejus
1176 2384 1254 2427 vas·

135 2458 279 2522 tationis
297 2467 332 2520 et
349 2459 660 2530 consummationis,
678 2458 877 2521 describitur
893 2460 925 2521 in
942 2456 1058 2521 Verbo
1077 2458 1201 2540 passim
1222 2459 1254 2521 in

137 2552 307 2615 historicis
320 2561 355 2614 et
371 2552 496 2633 passim
509 2553 541 2614 in
555 2551 762 2633 propheticis
774 2552 853 2633 ejus.
899 2552 1157 2616 consummatio
1169 2573 1253 2633 gen·

135 2648 222 2710 tium
239 2646 363 2709 circum
378 2645 562 2727 Jordanem
578 2667 637 2709 seu
653 2645 793 2709 Terram
811 2645 1017 2721 Canaanem,
1035 2647 1235 2709 describitur

189 2792 240 2842 Per
251 2789 460 2919 desstrud‘t'issmem
479 2791 620 2851 Sodomae,
635 2791 810 2852 Gomorrhae‚
825 2793 929 2842 Admae
947 2802 974 2842 et
991 2791 1100 2842 Zeboim
1113 2792 1185 2855 (Gen.
1200 2794 1253 2844 xlv.

269 2872 284 2906 e
308 2873 360 2907 xrx.
392 2896 398 2908 .

137 2981 396 3047 Consummatio
420 2980 596 3045 Ecclesiae
619 2983 773 3063 gentium
796 2983 885 3045 intra
913 2981 1108 3063 Jordanem,
1132 3002 1191 3045 seu
1221 2983 1254 3046 in

139 3077 247 3141 Terra
266 3076 436 3150 Canaane‚

189 3219 241 3270 Per
252 3220 435 3349 cynismo?
445 3228 473 3268 et
484 3220 648 3283 quarundam
659 3220 867 3269 internecionem
878 3218 957 3282 (apud
974 3220 1091 3284 ymnum,
1102 3219 1165 3269 etin
1180 3218 1256 3268 Lr'bro

297 3302 314 3333 u
332 3301 399 3334 lcum
413 3323 419 3334 .

140 3412 400 3478 Consummatio
420 3413 596 3478 Ecclesiae
615 3415 711 3478 istius
729 3415 762 3477 in
781 3414 958 3497 Aegypt0,

190 3560 242 3611 Per
261 3562 473 3688 submersionem
495 3562 644 3612 Pharaonis
664 3572 691 3611 et
711 3562 905 3626 Aegyptiorum
928 3563 955 3612 ln
977 3561 1046 3612 Mari
1067 3562 1140 3626 Suph
1160 3563 1252 3626 (Exod.

270 3641 344 3676 XIV..

140 3741 188 3805 Et
208 3743 254 3805 sic
274 3763 383 3824 porro.

202 3849 271 3920 42·
301 3834 438 3900 Certum
456 3837 614 3919 estquod
634 3836 789 3901 Ecclesia
804 3838 888 3901 haec
906 3836 1058 3920 Antiqua
1074 3837 1170 3902 suerit
1187 3836 1254 3901 Ec·

140 3929 244 3993 clesia
262 3932 560 4012 repraesentativa,
581 3953 666 4013 quae
685 3933 717 3994 in
735 3933 825 4014 typis
844 3942 879 3995 et
898 3933 1002 4013 signis
1018 3933 1202 3995 visibilibus
1220 3941 1255 3996 et

141 4023 349 4087 naturalibus
369 4023 535 4106 figurabat
554 4026 730 4088 invisibilia
746 4037 780 4089 et
800 4026 984 4108 spiritualia
1001 4025 1177 4089 Ecclesiae
1196 4026 1255 4089 de·

140 4137 233 4180 mum
259 4129 431 4192 venturae,
456 4121 591 4201 quando
619 4120 695 4202 Ipse
717 4121 870 4202 Jehovah
894 4118 937 4183 Se
964 4119 1195 4183 manifestaret
1222 4121 1255 4182 in

140 4211 295 4275 Naturali
312 4212 437 4275 Forma
454 4212 623 4287 Humana,
637 4224 672 4277 et
689 4214 849 4296 perhanc
867 4213 936 4277 Sibi
955 4214 1051 4277 daret
1068 4215 1255 4294 ingressum

139 4306 182 4369 ad
202 4305 367 4380 homines,
385 4317 419 4369 et
438 4307 629 4371 hominibus
645 4309 773 4391 aditum
793 4309 835 4372 ad
855 4307 909 4384 Se,
930 4309 1030 4372 etsie
1051 4308 1191 4370 nudaret
1212 4305 1255 4371 Se

139 4420 159 4463 a
178 4401 279 4483 typis
297 4410 332 4463 et
349 4401 512 4465 conderet
529 4401 720 4465 Ecclesiam
737 4423 813 4474 cum
829 4404 1019 4485 praeceptis
1034 4423 1120 4484 quae
1136 4421 1255 4465 omnes
