2776 5040
510 529 563 580 DE
585 525 869 580 REDEMPTIONE.
1202 526 1243 591 41

195 703 225 768 8.
258 701 344 765 Inde
360 709 413 764 est
426 698 515 782 quod
532 700 575 761 ab
590 697 738 779 antiquis
750 693 876 758 ditium
890 695 933 757 sit
946 692 1036 777 quod
1053 711 1154 756 nemo
1166 713 1246 775 pos·

343 795 387 856 sit
406 793 520 856 videre
541 792 651 854 Deum
671 800 706 853 et
725 790 858 863 vivere;
883 798 918 851 et
937 809 957 850 a
976 786 1135 861 Domino,
1155 786 1246 868 quod

344 903 445 947 nemo
464 883 586 946 viderit
609 881 757 964 speciem
776 880 895 954 Patris,
916 898 977 941 nec
1001 877 1167 940 audiverit
1185 897 1247 939 vo·

344 996 418 1040 cem
439 976 556 1058 Ipsius.

195 1089 227 1156 9.
258 1072 346 1135 Turn
373 1071 463 1154 quod
491 1070 583 1132 Deus
605 1069 752 1151 antiquis
778 1066 822 1131 Se
849 1065 1040 1130 exhibuerit
1063 1064 1246 1127 videndum

344 1187 403 1248 per
421 1164 575 1247 angelos,
595 1165 628 1226 in
647 1164 754 1226 forma
777 1161 936 1236 humana,
955 1180 1042 1242 quae
1061 1158 1168 1222 forma
1186 1158 1247 1222 furt

345 1259 635 1342 repraesentativa
654 1257 718 1319 Dei
736 1256 912 1319 incarnati.

180 1371 228 1419 10.
260 1353 360 1435 Quod
384 1353 494 1416 omnis
517 1351 671 1433 operatio
690 1350 753 1412 Dei
776 1348 835 1413 fiat
858 1369 878 1411 a
897 1349 1011 1430 primis
1030 1367 1088 1429 per
1107 1346 1247 1424 ultima;

344 1449 393 1511 ita
409 1468 428 1510 a
445 1447 569 1510 Divino
585 1466 645 1508 suo
662 1464 722 1526 per
738 1443 932 1506 Humanum
949 1463 1055 1505 suum.
1094 1441 1177 1504 Inde
1194 1450 1248 1504 est

344 1541 433 1623 quod
454 1541 545 1603 Deus
565 1541 609 1603 sit
629 1538 786 1600 “Primus
805 1548 840 1600 et
857 1536 1038 1612 Ultimus,''
1056 1541 1076 1568 ⁴‘
1092 1534 1158 1616 Qui
1174 1534 1246 1611 fuit,

344 1635 400 1716 qui
419 1644 482 1707 est,
503 1644 538 1696 et
561 1633 617 1715 qui
634 1630 825 1695 venturus.'’

180 1744 228 1791 11.
260 1727 359 1809 Quod
376 1729 410 1789 in
427 1727 555 1789 ultimis
572 1726 635 1789 Dei
651 1727 720 1788 sint
736 1725 850 1788 omnia
866 1723 988 1787 Divina
1007 1722 1126 1800 simul;
1150 1724 1198 1785 ita
1213 1723 1247 1786 in

346 1821 494 1883 Domino
507 1830 625 1883 nostro
636 1818 715 1900 Jesu
731 1817 879 1893 Christo,
894 1819 1007 1881 omnia
1023 1818 1072 1879 sui
1089 1817 1208 1880 Patris.

181 1931 228 1978 12.
260 1915 315 1977 Ex
347 1916 397 1978 his
428 1915 579 1996 sequitur
604 1913 694 1995 quod
725 1912 932 1993 Redemptio
960 1911 1050 1975 haud
1080 1929 1247 1994 quaquam

347 2010 494 2091 potuerit
513 2007 600 2071 effici
619 2007 681 2070 nisi
699 2027 719 2069 a
739 2007 813 2070 Deo
831 2007 1017 2070 incarnato.

182 2119 228 2184 13.
260 2104 307 2167 Et
330 2105 420 2185 quod
441 2102 587 2166 salvatio
605 2121 668 2164 nec
688 2101 795 2183 possit
818 2101 889 2163 dari
912 2101 974 2163 nisi
997 2121 1017 2163 a
1037 2100 1116 2163 Deo
1138 2100 1248 2163 incar·

346 2209 440 2270 nato,
460 2199 508 2260 ita
527 2216 594 2259 non
611 2196 673 2258 nisi
692 2214 793 2277 quam
811 2215 832 2256 a
851 2195 999 2258 Domino
1015 2194 1248 2277 Redemptore

345 2302 381 2354 et
408 2290 607 2368 Salvatore3
639 2310 724 2372 quae
747 2289 893 2352 salvatio
916 2299 968 2352 est
992 2298 1156 2371 perpetua
1178 2287 1248 2351 Re·

346 2384 508 2466 demptio,

181 2495 227 2558 14.
260 2477 344 2541 Inde
367 2489 420 2541 est
444 2478 532 2560 quod
557 2478 696 2560 illisqui
716 2477 860 2541 credunt
879 2477 912 2538 in
932 2476 1115 2539 Dominum
1132 2476 1248 2558 Jesum

346 2571 517 2637 Christum
537 2573 581 2634 sit
596 2574 668 2635 vita
683 2583 843 2648 aeterna;
863 2583 898 2634 et
915 2571 1005 2653 quod
1024 2570 1162 2654 illisqui
1180 2590 1249 2634 non

346 2669 489 2731 credunt
508 2668 541 2729 in
561 2666 687 2747 Ipsum,
706 2686 773 2728 non
793 2667 837 2729 sit
856 2665 914 2727 illa
933 2660 1031 2728 vita*

193 2882 210 2915 '¹
230 2883 457 2941 [Auuorrrrours
468 2897 481 2928 e
489 2882 639 2942 maetinibes
649 2884 765 2936 collectae.
774 2896 835 2942 quoe
843 2882 896 2928 sine
904 2882 975 2927 dudio
985 2881 1020 2927 ad
1027 2881 1105 2941 capita
1116 2894 1173 2927 etex
1177 2887 1250 2940 prae·

132 2951 240 2997 cedentia
247 2952 370 3009 pertinent
376 2949 503 3008 :-]Quod
513 2950 565 3008 ipsa
574 2950 717 3007 Redemptio
727 2951 796 2995 tuerit
802 2950 939 3009 subjugatio
946 2950 1092 2995 infernorum
1100 2955 1124 2994 et
1131 2949 1250 2996 ordinatio

132 3018 264 3071 melorum,
276 3025 300 3063 et
311 3018 345 3063 sic
355 3018 505 3075 praeparatio
515 3018 547 3063 ad
557 3029 645 3062 novam
656 3017 780 3062 ecelesiam
789 3018 942 3076 spiritualem.

207 3085 280 3141 Quod
290 3085 380 3142 absone
390 3085 431 3129 illa
439 3084 613 3143 Redemptione
623 3083 703 3129 nullus
713 3084 787 3129 homo
797 3085 881 3130 salvari
890 3083 1001 3143 potuerit,
1010 3096 1054 3129 nec
1064 3083 1143 3142 angeli
1152 3083 1177 3128 in
1187 3089 1251 3130 statu

132 3165 193 3200 eune
202 3151 318 3197 felicitatis
328 3151 462 3199 subsistere.

207 3219 281 3337 Qupd
294 3219 413 3264 Dominus
424 3231 474 3263 uon
485 3218 561 3263 modo
571 3217 681 3264 homines
692 3218 735 3263 eod
746 3216 819 3262 etiem
828 3217 928 3275 angelos
937 3217 1069 3264 redernerit
1107 3217 1128 3277 [(
1136 3218 1252 3265 Videatur

133 3293 188 3338 oap.
197 3280 239 3333 vi.)

207 3347 281 3404 Quod
293 3346 436 3404 Redemptio
446 3345 516 3391 fuerit
526 3359 588 3404 opus
597 3359 657 3404 pure
668 3345 790 3392 Divinum.

207 3415 281 3533 Qufid
291 3414 350 3460 hoec
359 3414 502 3472 Redemptio
509 3426 559 3459 nou
567 3413 617 3458 fieri
624 3413 729 3472 potuerit
734 3412 779 3458 ulei
785 3426 829 3472 per
836 3411 916 3458 Deum
924 3412 1079 3460 mear-natum.
1106 3413 1128 3473 [(
1136 3413 1253 3460 Videatur

133 3488 188 3535 up.
194 3485 243 3522 eut.

208 3541 282 3599 Quod
296 3541 375 3600 passio
389 3540 465 3586 erucis
481 3540 549 3586 tuerit
564 3541 648 3586 ultima
659 3540 766 3594 tentatio.
778 3553 852 3598 quam
866 3547 895 3586 ut
914 3539 1036 3586 Maximus
1052 3541 1171 3598 Propheta
1181 3541 1251 3587 sueti·

133 3609 194 3662 nuit.
205 3617 229 3654 et
238 3621 282 3667 per
291 3621 364 3667 quam
374 3608 446 3654 etiam
456 3622 511 3654 vere
523 3605 682 3666 [¹lsubjugavit
692 3609 791 3661 interna.
802 3615 826 3654 et
837 3605 1002 3666 tatglorifimvit
1013 3608 1155 3654 Humanum
1164 3622 1250 3664 ntumr

132 3676 168 3724 eie
179 3677 246 3735 quod
256 3676 325 3722 tuerit
335 3677 440 3721 medium
452 3675 639 3733 Redemptionis.
649 3677 692 3721 sed
702 3689 752 3721 non
765 3675 916 3734 Redemptio.

208 3743 282 3801 Quod
290 3743 369 3802 passio
379 3743 455 3788 erucis
465 3742 535 3788 fuerit
545 3743 596 3801 ipsa
607 3743 757 3800 Redemptio,
768 3743 797 3788 sit
808 3742 991 3788 fundamentalis
1001 3756 1066 3789 error
1076 3743 1196 3791 eeclesiae.

208 3810 282 3868 Quod
291 3810 330 3857 ille
337 3823 410 3863 error.
418 3823 467 3856 una
474 3823 529 3856 eum
538 3823 617 3855 errore
624 3811 656 3856 de
663 3811 739 3856 tribus
747 3811 857 3856 Personie
863 3809 955 3856 Divinis
961 3810 994 3856 ab
1001 3819 1107 3865 aetem,
1114 3811 1251 3870 perverterit

132 3885 211 3927 totm
221 3878 352 3931 eoelum
362 3879 425 3924 adeo
434 3886 461 3923 ut
471 3891 521 3923 oon
531 3877 630 3935 aliquod
639 3878 761 3924 ratdoum
771 3878 891 3937 epiriurele
901 3879 952 3936 eJ'us
962 3879 1069 3936 supersit.

263 3949 454 4008 (Rumam
462 3962 556 3994 mores
565 3962 597 3993 ex
608 3948 776 4008 Redemptiou
783 3949 907 4001 hodierna.
918 3949 983 4008 quod
990 3950 1024 3995 rit
1028 3949 1109 4008 passio
1119 3945 1216 4007 mets.)

208 4057 282 4114 Quod
292 4057 350 4103 hiso
359 4057 414 4103 fidei
426 4053 501 4102 [alnon
511 4057 624 4116 oonjungi
634 4057 726 4115 possint
735 4070 792 4103 eum
802 4058 868 4103 bono
878 4057 1005 4104 charitatis.

209 4125 248 4171 De
257 4125 394 4171 euooessivis
404 4125 449 4170 ints
460 4124 581 4184 [statibus]
592 4125 715 4184 praedidta
724 4126 791 4184 apud
802 4126 929 4172 Danielem
939 4132 964 4172 et
973 4125 1112 4185 Proprietas.

208 4191 248 4239 De
258 4191 352 4239 Christo
362 4192 463 4252 (Marta
473 4192 556 4252 uin).
