2776 5040
286 111 335 163 nr
357 111 441 179 sJus
463 109 661 164 nocrruux
681 110 957 164 excussat-u.
972 114 1024 182 90.
1170 97 1213 179 63

101 281 170 364 plus
185 280 233 345 ab
247 280 387 345 homine
402 279 568 346 ecclesiae
583 280 733 362 requirit,
747 299 848 364 quam
864 290 902 346 ut
918 282 1012 346 vivat
1028 281 1214 346 secundum

99 375 129 439 id
146 374 239 457 quod
259 377 335 439 scit.

154 471 225 554 87·
253 468 344 553 Quia
362 470 490 535 bonum
508 470 600 553 apud
618 472 880 554 unumquemvis
897 481 951 535 est
973 471 1116 547 varium,
1134 471 1215 534 inde

98 563 250 646 sequitur
272 564 362 647 quod
385 562 486 647 quale
508 563 589 626 boni
610 562 818 628 determinet
840 564 874 627 in
896 583 965 647 quo
986 564 1094 646 gradu
1117 572 1154 629 et
1180 564 1214 628 in

97 677 162 738 qua
184 657 319 722 ratione
341 657 461 740 aliquis
483 666 537 720 est
560 657 746 739 proximus.
791 654 967 739 Quod0ita
989 658 1046 732 sit,
1070 665 1168 739 patet
1193 676 1215 720 a

97 749 236 816 Domini
251 750 414 834 parabola
430 752 473 814 de
489 750 549 814 illo
564 751 620 834 qui
636 751 754 815 incidit
770 752 804 814 in
821 750 984 826 latrones,
998 770 1098 834 quem
1112 751 1214 815 serni·

96 856 268 910 mortuum
281 847 441 909 sacerdos
453 845 661 927 praeterivit,
670 855 706 909 et
718 865 852 928 quoque
865 844 1003 922 Levita;
1023 846 1083 909 sed
1096 843 1215 910 Sama·

95 940 173 1014 rita,
193 948 375 1023 postquam
395 938 562 1020 obligavit
581 937 722 1003 vulnera
740 938 821 1020 ejus,
842 949 877 1003 et
900 939 1021 1002 infudit
1040 939 1153 1003 oleum
1175 947 1213 1003 et

95 1033 224 1109 vinum,
238 1032 376 1096 sustulit
389 1053 489 1115 super
499 1033 670 1116 proprium
679 1031 881 1114 jumentum,
894 1043 931 1097 et
943 1033 1043 1097 duxit
1055 1034 1089 1095 in
1101 1032 1213 1097 diver·

96 1127 279 1201 sorium‚et
293 1127 463 1192 ordinavit
480 1136 516 1190 ut
533 1146 614 1191 cura
625 1125 695 1207 ejus
708 1125 909 1190 haberetur:
930 1125 984 1189 hic
997 1127 1076 1209 quia
1087 1126 1214 1191 bonum

97 1218 277 1284 charitatis
293 1221 457 1294 exercuit,
474 1220 650 1302 proximus
665 1219 788 1284 dicitur
802 1219 893 1302 (Luc.
911 1241 945 1282 x.
962 1220 1093 1303 29-37).
1128 1220 1215 1284 Inde

97 1314 176 1378 sciri
198 1324 315 1396 potest
337 1310 430 1397 quod
453 1315 629 1397 proximus
647 1314 717 1377 sint
736 1314 791 1396 qui
814 1314 848 1378 in
870 1314 984 1378 bono:
1015 1315 1154 1378 “oleum
1178 1323 1214 1379 et

97 1407 245 1483 vinum‚”
260 1429 346 1492 quae
362 1407 530 1473 Samarita
545 1407 740 1472 vulneribus
755 1407 885 1484 infudit,
899 1409 1004 1472 etiam
1020 1406 1214 1491 significant

97 1501 225 1566 bonum
243 1513 279 1567 et
297 1502 368 1584 ejus
386 1522 513 1566 verum.

155 1594 230 1661 88.
257 1593 315 1658 Ex
344 1592 443 1657 dictis
473 1613 562 1657 nunc
592 1602 691 1675 patet
719 1593 811 1676 quod
841 1594 874 1657 in
904 1594 1086 1657 universali
1111 1613 1214 1657 sensu

98 1686 225 1751 bonum
248 1688 293 1750 sit
316 1687 502 1770 proximus,
524 1687 601 1769 quia
624 1685 728 1749 homo
751 1695 805 1749 est
828 1686 1004 1768 proximus
1027 1686 1215 1749 secundum

99 1780 197 1864 quale
220 1780 301 1843 boni
322 1778 413 1863 quod
440 1801 460 1843 a
483 1778 633 1842 Domino
655 1779 744 1861 apud
767 1779 872 1842 illum.
917 1779 964 1842 Et
987 1780 1065 1863 quia
1087 1779 1214 1842 bonum

99 1885 149 1940 est
167 1875 357 1956 proximus,
374 1884 429 1938 est
444 1892 550 1949 amor,
568 1892 647 1937 nam
663 1892 764 1937 omne
783 1872 910 1937 bonum
926 1883 980 1936 est
996 1874 1121 1936 amoris
1135 1894 1143 1950 ;
1166 1873 1216 1936 ita

99 1969 239 2051 quisque
257 1967 362 2033 horno
380 1978 435 2032 est
454 1968 629 2051 proximus
646 1967 833 2031 secundum
849 1967 950 2050 quale
967 1968 1092 2031 amoris
1109 1967 1165 2050 qui
1184 1967 1216 2031 ei

98 2072 186 2128 esta
205 2062 366 2127 Domino.

153 2157 232 2239 89.
259 2155 363 2240 Quod
380 2176 477 2221 amor
494 2157 615 2239 sitvqui
632 2155 713 2221 iacit
731 2166 769 2220 ut
791 2158 969 2239 proximus
990 2157 1046 2231 sit,
1065 2165 1101 2220 et
1123 2156 1215 2238 quod

96 2251 239 2333 quisque
262 2251 437 2333 proximus
460 2250 505 2313 sit
531 2249 717 2313 secundum
740 2249 840 2332 quale
863 2250 987 2312 amoris
1011 2248 1092 2330 ejus,
1117 2258 1216 2331 patet

94 2344 279 2409 manifeste
298 2343 343 2407 ab
360 2342 426 2407 iilis
444 2343 500 2427 qui
519 2344 552 2407 in
571 2361 687 2407 amore
703 2343 753 2406 sui
771 2353 861 2407 sunt.
907 2343 962 2406 Illi
980 2364 1041 2426 pro
1057 2343 1218 2426 proximo

88 2447 293 2522 agnoscunt
310 2439 366 2521 qui
389 2458 426 2500 se
449 2438 599 2501 maxime
621 2447 751 2511 amant,
771 2436 836 2501 hoc
860 2445 930 2508 est,
951 2447 1117 2519 quantum
1136 2445 1217 2501 sunt

85 2534 166 2611 sui;
202 2531 268 2595 hos
293 2528 557 2614 amplectuntur,
581 2531 644 2594 hos
671 2529 879 2603 osculantur,
904 2531 957 2594 his
987 2530 1215 2604 benefaciunt,

81 2637 124 2692 et
150 2626 223 2690 hos
244 2625 365 2693 fratres
386 2635 535 2703 vocant;
562 2625 677 2699 immo,
697 2626 775 2707 quia
798 2624 878 2688 mali
901 2634 992 2700 sunt,
1012 2626 1075 2689 hos
1097 2625 1216 2689 dicunt

75 2721 293 2801 proximum
315 2740 391 2784 esse
413 2739 493 2802 prae
516 2718 610 2795 aliis;
641 2717 800 2802 reliquos,
823 2719 911 2782 sicut
938 2739 974 2783 se
1000 2729 1130 2793 amant,
1154 2737 1216 2801 pro

71 2815 258 2895 proximo
276 2813 415 2889 habent,
435 2815 484 2877 ita
502 2813 688 2877 secundum
707 2813 806 2896 quale
825 2822 861 2877 et
884 2823 1049 2896 quantum
1069 2815 1213 2877 amoris:

70 2911 187 2978 tales
210 2928 234 2972 a
253 2927 290 2972 se
313 2909 480 2991 originem
499 2909 646 2991 proximi
668 2909 808 2982 ducunt,
827 2929 872 2972 ex
896 2928 1000 2971 causa
1021 2910 1099 2992 quia
1122 2926 1219 2972 amor

67 3001 178 3071 facit
207 3011 245 3066 et
266 3003 483 3066 determinat.
530 3001 584 3066 Illi
607 3012 723 3066 autem
749 3003 805 3085 qui
831 3023 868 3066 se
896 3022 965 3065 non
992 3012 1110 3066 amant
1137 3022 1217 3083 prae

65 3097 182 3172 aliis.
200 3096 488 3180 quemadmodum
507 3115 627 3160 omnes
645 3098 702 3179 qui
720 3116 739 3160 e
757 3117 865 3179 regno
883 3096 1022 3159 Domini
1041 3105 1132 3169 sunt,
1149 3098 1216 3159 ori·

65 3196 216 3276 ginem
238 3191 385 3273 proximi
407 3190 536 3255 ducent
557 3189 602 3253 ab
625 3190 705 3274 Ipso
723 3210 823 3274 quem
846 3212 948 3273 super
966 3193 1080 3254 omnia
1102 3211 1216 3256 amare

64 3287 240 3359 debent.
262 3286 312 3349 ita
331 3305 353 3348 a
375 3284 545 3362 Domino;
572 3294 609 3349 et
630 3304 692 3368 pro
714 3286 872 3368 proximo
895 3285 1071 3349 habebunt
1095 3306 1216 3350 unum·

65 3379 253 3467 quemvis
269 3380 455 3443 secundum
471 3379 571 3462 quale
587 3380 711 3443 amoris
727 3380 760 3443 in
778 3379 892 3461 Ipsum
909 3390 945 3444 et
964 3380 1009 3442 ab
1025 3379 1114 3462 Ipso.
1159 3379 1217 3443 Ex

64 3471 143 3541 his
163 3472 274 3556 liquet
291 3472 379 3537 unde
395 3475 493 3555 origo
509 3474 656 3555 proximi
671 3474 716 3537 ab
725 3471 869 3541 'homine
881 3472 1049 3551 ecciesiae
1061 3473 1218 3538 ducenda

67 3579 172 3646 θεὶς
195 3575 233 3631 et
250 3566 341 3650 quod
359 3569 501 3650 quisque
517 3568 693 3650 proximus
711 3568 756 3631 sit
775 3567 960 3631 secundum
981 3568 1107 3630 bonurn
1124 3568 1215 3651 quod

70 3680 107 3728 a
128 3661 298 3736 Domino,
318 3661 368 3725 ita
385 3663 495 3744 ipsum
514 3661 651 3724 bonum.

154 3772 235 3840 9ο.
262 3754 366 3839 Quod
394 3757 444 3820 ita
468 3756 525 3832 sit,
548 3757 654 3820 etiarn
679 3754 848 3820 Dominus
870 3758 974 3820 docet
1004 3755 1095 3838 apud
1123 3756 1218 3820 Mat·

78 3850 255 3924 thaeum
1224 3890 1226 3894 .

146 3983 222 4037 Dixit
237 3983 312 4034 enim
331 3981 385 4032 mir
402 3983 447 4045 qui
464 3982 492 4031 in
510 3983 583 4032 bono
599 3981 716 4042 inerunt,
729 3983 801 4046 quod
817 3982 939 4032 dederint
958 3981 1014 4045 Ipsi
1032 3982 1103 4045 quod
1118 3981 1217 4040 ederet.

225 4049 300 4116 quod
319 4047 359 4098 illi
378 4046 532 4112 potaverint
550 4046 650 4112 Ipsum,
667 4048 823 4112 collegerint
841 4047 942 4112 ipsum,
960 4048 1097 4098 induerint
1114 4046 1215 4111 ipsum.
