2858 5046
484 499 535 552 DE
557 498 662 554 NOVA
684 500 960 555 fllssnosotmtn

655 991 779 1079 [xant]

550 1241 624 1317 DE
657 1244 888 1321 DOMINO.

158 1595 393 1931 ⁸..DOEEUS
408 1675 460 1730 est
478 1686 573 1742 unus,
591 1667 646 1750 qui
666 1665 809 1732 Creator
824 1668 970 1733 universi
988 1679 1023 1734 et
1044 1668 1279 1736 Conservator

333 1759 498 1838 universi;
521 1762 570 1825 ita
588 1762 644 1843 qui
664 1760 756 1825 Deus
774 1761 860 1826 caeli
879 1772 915 1827 et
936 1762 1029 1827 Deus
1046 1773 1167 1829 terrae.

370 1851 464 1917 281·
492 1852 579 1916 Sunt
601 1854 671 1916 duo
692 1872 780 1936 quae
801 1853 930 1918 iaciunt
952 1854 1060 1916 vitam
1078 1854 1166 1917 caeli
1183 1854 1276 1936 apud

337 1944 523 2019 hominem,
548 1943 674 2007 bonum
697 1945 822 2007 amoris
851 1953 887 2008 et
916 1964 1032 2008 verum
1060 1943 1158 2024 fidei3
1189 1945 1287 2011 haec·

156 2039 228 2106 vita
244 2049 299 2105 est
318 2038 447 2105 homini
466 2058 511 2102 ex
532 2037 618 2113 Deo,
636 2048 671 2102 et
690 2058 826 2121 prorsus
845 2038 928 2103 nihil
945 2059 990 2103 ex
1008 2037 1167 2118 homine;
1191 2061 1276 2124 qua·

156 2141 296 2216 propter
313 2131 505 2214 primarium
524 2130 690 2197 ecclesiae
709 2140 774 2207 est,
791 2151 978 2214 agnoscere
998 2132 1119 2208 Deum,
1135 2134 1276 2199 credere

157 2229 191 2292 in
210 2227 332 2300 Deum,
351 2234 387 2289 et
407 2243 521 2288 amare
541 2225 667 2306 Ipsum.
1183 2255 1186 2260 ·

215 2322 309 2388 282.
337 2321 405 2403 Qui
422 2321 512 2383 intra
530 2320 714 2384 ecclesiam
734 2321 807 2384 nati
825 2329 916 2396 sunt,
936 2341 1125 2403 agnoscere
1143 2322 1276 2387 debent

159 2414 354 2487 Dominum,
369 2413 529 2475 Divinum
547 2412 656 2493 Ipsius
672 2422 707 2476 et
728 2412 923 2476 Humanum
941 2413 1061 2494 Ipsius,
1078 2433 1117 2476 ac
1134 2415 1273 2479 credere

155 2509 189 2572 in
217 2508 332 2590 Ipsum
360 2516 396 2570 et
423 2525 538 2569 amare
563 2506 688 2587 Ipsum,
713 2525 792 2569 nam
819 2527 840 2569 a
867 2506 1016 2570 Domino
1039 2509 1148 2571 omnis
1171 2509 1273 2573 salus.

158 2602 235 2666 Hoc
255 2602 358 2666 docet
377 2601 545 2664 Dominus
563 2600 653 2682 apud
672 2600 872 2676 Jokannem,

205 2736 278 2800 “Qui
290 2736 373 2784 credit
388 2736 414 2783 in
429 2733 531 2791 Filium,
541 2734 622 2783 habet
633 2734 716 2783 vitam
729 2744 865 2783 aeternam
877 2748 883 2792 ;
901 2735 945 2798 qui
957 2749 1023 2784 vero
1035 2749 1089 2784 non
1100 2736 1184 2786 credit
1197 2735 1274 2795 Filio.

286 2815 340 2850 non
353 2800 453 2849 videbit
465 2800 557 2858 vitam,
570 2800 617 2848 sed
630 2800 670 2848 ira
682 2799 732 2848 Dei
745 2809 836 2849 manet
848 2800 918 2862 apud
931 2800 1004 2849 ilium
1012 2800 1026 2818 '¹
1038 2800 1085 2861 (iii.
1098 2801 1156 2861 36);

155 2915 243 2998 apud
262 2913 420 2987 eundem,

204 3032 219 3054 ‘¹
227 3029 314 3080 Haec.
324 3038 377 3079 .est
389 3029 514 3077 voluntas
528 3027 616 3089 Ipsius
628 3028 673 3091 qui
688 3028 761 3077 misit
776 3027 830 3085 Me,
843 3038 872 3077 ut
885 3028 974 3077 omnis
986 3029 1031 3093 qui
1044 3029 1116 3078 videt
1130 3029 1233 3086 Filium.
1246 3041 1273 3080 et

284 3095 367 3143 credit
382 3095 408 3142 in
425 3093 525 3155 Ipsum,
539 3093 637 3142 habeat
654 3093 738 3142 vitam
753 3103 899 3151 aeternam,
914 3103 940 3143 et
955 3095 1119 3143 resuscitabo
1134 3095 1221 3144 illum.
1232 3096 1272 3145 .in

284 3169 405 3209 extremo
417 3157 482 3207 die”
494 3158 539 3220 (vi.
553 3153 636 3219 [¹l4o);

153 3275 242 3358 apud
262 3272 419 3347 eundem,

203 3386 314 3452 “Jesus.
325 3386 410 3442 .dixit,
421 3385 478 3447 Ego
486 3399 544 3433 sum
555 3382 714 3434 resurreetio
724 3394 750 3434 et
757 3385 828 3435 vita:
843 3387 887 3448 qui
897 3386 981 3435 credit
990 3386 1017 3435 in
1029 3386 1082 3445 Me,
1090 3387 1140 3435 etsi
1148 3383 1272 3436 ulmeria-

285 3451 435 3508 convivet:
456 3451 544 3498 omnis
559 3465 623 3498 vero
638 3451 682 3513 qui
697 3451 763 3499 vivit
777 3460 804 3499 et
818 3452 901 3500 credit
915 3452 942 3500 in
962 3450 1015 3510 Me,
1032 3466 1086 3501 non
1102 3453 1231 3501 morietur
1244 3453 1272 3502 in

283 3525 421 3565 aeternum
430 3515 445 3533 '¹
458 3511 578 3577 (xi.1³125,
590 3516 639 3576 26).

212 3644 309 3726 283.
337 3642 559 3724 Quapropter
569 3642 616 3705 illi
629 3644 685 3724 qui
697 3644 787 3707 intra
799 3643 981 3707 ecclesiam
994 3665 1063 3706 non
1075 3655 1271 3726 agnoscunt

155 3736 339 3801 Dominum
353 3754 392 3797 ac
410 3735 519 3815 Ipsius
536 3734 706 3809 Divinum,
721 3755 789 3797 non
806 3745 949 3816 possunt
962 3735 1120 3817 conjungi
1134 3737 1220 3810 Deo,
1235 3747 1272 3801 et

153 3832 202 3894 sic
219 3849 287 3893 non
304 3828 450 3911 aliquam
464 3837 591 3890 sortem
605 3828 730 3892 habere
746 3848 822 3891 cum
836 3829 967 3910 angelis
983 3830 1015 3890 in
1032 3830 1148 3892 caelo:
1169 3851 1272 3895 nemo

153 3925 243 3989 enim
266 3923 424 4004 conjungi
448 3931 565 4003 potest
586 3921 661 3984 Deo
685 3923 748 3983 nisi
776 3943 795 3984 a
823 3922 972 3984 Domino
995 3932 1030 3985 et
1053 3925 1086 3985 In
1111 3924 1270 3988 Domino.

153 4018 254 4100 Quod
282 4036 383 4080 nemo
410 4017 518 4098 possit
545 4016 704 4097 conjungi
732 4017 807 4079 Deo
834 4017 897 4078 nisi
927 4037 948 4079 a
979 4017 1137 4093 Domino,
1165 4019 1271 4084 docet

153 4113 319 4176 Dominus
337 4111 427 4192 apud
446 4109 647 4185 Johannem,

201 4243 309 4294 “Deum
321 4258 401 4293 nemo
410 4244 476 4292 vidit
485 4257 617 4306 unquam;
633 4241 794 4306 Unigenitus
805 4241 825 4292 F
827 4243 894 4302 iiius.
902 4245 946 4308 qui
956 4245 983 4293 in
994 4245 1054 4294 sinu
1066 4244 1153 4295 Patris
1162 4256 1212 4304 est,
1221 4246 1271 4296 IlIe

281 4310 404 4373 exposuit
413 4308 427 4328 ”
439 4308 465 4370 (i.
478 4304 562 4368 1⁴¹18);

150 4425 240 4510 apud
259 4424 418 4501 eundem,
