2776 5040
551 467 603 520 nn
623 467 858 522 caumana.
1220 474 1262 541 39

136 629 213 699 [12]
241 630 559 700 clmmrupmoutur.

201 757 337 823 Nautae
353 760 457 824 etiam
473 758 556 825 liunt
572 762 757 828 charitates
779 764 806 828 si
829 761 987 846 spec'tant
1010 764 1054 829 ad
1077 765 1261 830 Dominum

132 861 170 915 et
186 850 319 935 fugiunt
336 853 426 916 mala
441 864 478 919 ut
501 865 653 936 peccata,
670 857 750 920 dum
765 857 890 921 faciunt
906 878 991 940 opus
1007 879 1103 923 suum
1119 861 1260 934 sincere,

128 944 223 1027 juste
246 956 282 1010 et
305 946 472 1028 fideliter;
496 969 574 1013 nam
590 951 670 1015 dum
685 950 817 1034 lugiunt
838 951 927 1016 mala
949 963 985 1016 ut
1008 963 1162 1035 peccata,
1178 963 1260 1017 tunc

133 1038 268 1122 fugiunt
284 1040 467 1117 diabolum,
483 1044 561 1124 quia
576 1043 730 1108 diabolus
745 1055 798 1108 est
819 1047 927 1125 ipsum
943 1046 1070 1111 malum
1084 1068 1092 1127 ;
1116 1056 1152 1111 et
1179 1055 1260 1110 tunc

132 1143 360 1215 acceptantur
375 1155 395 1198 a
412 1135 579 1215 Domino;
603 1148 637 1201 et
654 1139 744 1201 bona
759 1159 845 1220 quae
861 1149 941 1202 tunc
957 1139 1093 1214 iaciunt,
1107 1159 1128 1203 a
1140 1140 1260 1204 Domi·

133 1245 181 1290 no
196 1226 323 1293 faciunt
338 1249 346 1305 ;
369 1238 404 1293 et
420 1230 510 1293 bona
526 1250 593 1294 non
609 1230 708 1295 aliter
719 1234 879 1297 continue
890 1233 1017 1296 iaciunt
1032 1252 1133 1316 quam
1148 1234 1183 1296 in
1198 1254 1260 1297 suo

132 1341 238 1404 opere
252 1321 342 1404 quod
355 1323 403 1386 eis
415 1321 598 1404 injunctum
609 1334 673 1400 est,
683 1327 774 1408 quod
787 1336 840 1391 est
852 1327 1034 1391 nauticum.
1069 1325 1164 1409 Opus
1176 1326 1260 1391 illud

131 1425 188 1480 est
198 1416 326 1480 bonum
336 1436 431 1498 opus,
444 1419 522 1500 quia
533 1428 585 1483 est
596 1420 721 1484 bonum
732 1441 809 1485 usus
822 1441 829 1498 ;
843 1430 878 1484 et
889 1440 1041 1485 amorem
1051 1441 1133 1503 erga
1142 1422 1259 1503 proxi·

132 1529 226 1574 mum
242 1530 301 1575 seu
316 1511 519 1576 charitatem
542 1512 667 1579 habere
685 1534 753 1578 non
768 1515 858 1579 aliud
881 1524 935 1580 est
951 1535 1051 1598 quam
1067 1514 1175 1580 lacere
1195 1513 1258 1579 bo·

133 1623 216 1667 num
238 1625 326 1667 usus.
370 1604 520 1669 Etcum
551 1606 682 1689 fugiunt
715 1608 887 1673 diabolum
919 1618 954 1672 et
985 1617 1208 1690 acceptantur
1238 1630 1258 1674 a

132 1697 295 1775 Domino,
312 1708 392 1763 tunc
416 1719 484 1764 non
506 1700 633 1766 iaciunt
655 1701 714 1767 illa
729 1702 819 1767 mala
834 1723 920 1786 quae
942 1703 976 1765 in
1000 1702 1177 1785 Decalogo
1197 1703 1257 1766 de-

131 1794 261 1874 scripta
282 1803 382 1871 sunt;
405 1793 470 1858 hoc
493 1805 557 1870 est,
575 1816 643 1859 non
666 1797 836 1871 occidunt,
853 1817 921 1861 non
944 1796 1147 1860 adulterium
1163 1815 1257 1861 com·

131 1888 287 1961 mittunt,
301 1906 370 1949 non
385 1886 546 1964 iurantur,
559 1910 628 1953 non
643 1889 726 1955 salse
739 1900 929 1968 testantur;
952 1891 1036 1955 haec
1049 1891 1140 1954 enim
1156 1909 1257 1954 nemo

131 1981 224 2056 lacit,
240 1981 297 2064 qui
319 1990 411 2045 amat
435 1983 648 2062 proximum;
670 1986 845 2048 nonenim
867 1995 960 2049 amat
982 1985 1185 2067 proximum,
1202 1985 1258 2066 qui

131 2074 193 2139 tali
205 2075 284 2139 odio
293 2073 387 2138 illum
400 2076 504 2140 habet
516 2085 553 2140 ut
565 2075 648 2141 velit
660 2077 753 2141 illum
763 2078 917 2143 occidere
930 2099 938 2158 ;
954 2098 1023 2142 non
1035 2087 1128 2142 amat
1140 2078 1256 2159 proxi·

131 2187 224 2234 mum
248 2169 303 2251 qui
326 2169 399 2233 vult
422 2169 623 2235 adulterium
638 2173 853 2237 committere
876 2192 952 2237 cum
975 2192 1081 2236 uxore
1096 2170 1256 2251 alterius;

131 2282 201 2326 non
216 2274 310 2326 amat
326 2265 518 2345 proximum
533 2263 673 2347 quivult
685 2265 783 2328 furari
796 2276 831 2331 et
847 2267 1043 2349 depraedari
1058 2265 1129 2348 ejus
1145 2265 1256 2344 bona3

131 2377 201 2421 non
216 2367 309 2421 amat
333 2359 525 2439 proximum
547 2359 603 2441 qui
622 2358 704 2423 salse
720 2368 866 2424 testatur
882 2371 1001 2424 contra
1022 2360 1126 2436 illum,
1150 2370 1186 2424 et
1208 2361 1256 2424 sic

132 2471 244 2533 porro.
289 2451 385 2515 Haec
398 2462 476 2516 sunt
490 2452 580 2516 mala
591 2474 676 2535 quae
693 2455 870 2535 praecipue
883 2453 1013 2536 lugiunt
1028 2455 1075 2519 illi
1087 2456 1142 2537 qui
1158 2473 1256 2537 spec-

131 2555 209 2610 tant
232 2546 275 2609 ad
299 2546 503 2623 Dominum;
527 2557 606 2610 tunc
624 2568 756 2630 quoque
771 2567 840 2611 non
863 2548 985 2612 timent
1008 2558 1162 2624 mortem,
1178 2548 1258 2632 quia

131 2641 159 2704 si
179 2641 377 2716 moriuntur,
394 2642 580 2704 moriuntur
602 2641 636 2704 in
659 2641 817 2716 Domino,
834 2653 869 2705 et
885 2641 1024 2704 veniunt
1047 2642 1081 2705 in
1103 2642 1255 2722 coelum;

131 2743 167 2797 et
190 2735 236 2799 ibi
259 2745 350 2798 amat
368 2755 452 2798 unus
474 2733 618 2798 alterum
641 2735 728 2799 sicut
750 2735 854 2799 irater
871 2744 906 2799 et
930 2735 1039 2799 socius
1061 2734 1197 2799 fratrem
1219 2748 1256 2802 et

131 2830 339 2904 consocium,
357 2840 391 2892 et
410 2839 543 2893 mutuas
559 2849 680 2911 operas
694 2828 814 2892 serunt.
860 2828 990 2892 Hortor
1005 2829 1108 2892 etiam
1123 2839 1255 2905 nautas,

132 2923 220 2986 sicut
235 2942 318 2987 mox
335 2924 423 3004 prius
435 2923 639 2997 nauclerum,
652 2933 689 2986 ut
704 2922 829 2987 adeant
845 2923 1039 2998 Dominum,
1055 2931 1091 2986 et
1102 2931 1201 2987 orent
1213 2923 1256 2987 ad

133 3006 260 3099 Ipsum,
276 3018 354 3099 quia
368 3036 437 3080 non
452 3015 535 3080 alius
545 3025 598 3080 est
614 3017 708 3079 Deus
719 3015 816 3092 coeli,
829 3025 938 3080 terrae
951 3025 987 3080 et
1002 3016 1112 3079 maris.

136 3193 208 3264 [td]
236 3192 438 3262 clarmaopud
452 3194 581 3248 famulos.

198 3321 292 3387 Sicut
315 3323 440 3386 domini
462 3323 510 3386 ita
527 3322 641 3386 famuli
663 3321 747 3386 liunt
770 3322 964 3395 charitates,
981 3321 1044 3385 hoc
1062 3331 1115 3385 est
1130 3319 1255 3403 angeli,

134 3419 214 3482 dum
237 3413 393 3497 speetant
417 3417 460 3479 ad
484 3417 666 3480 Dominum
689 3426 723 3480 et
744 3416 875 3498 fugiunt
890 3415 981 3478 mala
996 3424 1032 3478 ut
1055 3424 1256 3496 peccata‚et

134 3531 237 3594 opera
252 3509 365 3574 famuli
381 3511 520 3584 sincere,
533 3510 623 3591 juste
635 3519 671 3574 et
686 3508 830 3574 fideliter
839 3518 956 3591 agunt.
988 3507 1125 3572 Illorum
1141 3528 1255 3591 opera,

134 3626 220 3689 quae
239 3615 318 3668 sunt
341 3605 430 3667 bona
446 3604 619 3667 charitatis
635 3605 769 3684 propria
790 3614 827 3666 et
850 3603 1021 3675 continua,
1037 3611 1125 3676 sunt,
1142 3614 1178 3666 ut
1201 3611 1256 3667 at·

135 3701 280 3764 tendant
297 3700 339 3762 ad
358 3699 511 3761 dominos
527 3718 615 3773 suos,
633 3696 696 3759 illis
712 3698 797 3760 bene
814 3695 929 3770 velint,
947 3696 989 3758 de
1005 3694 1069 3756 illis
1086 3714 1152 3758 non
1168 3696 1256 3760 male

135 3792 326 3877 loquantur,
344 3801 415 3855 tam
437 3793 565 3855 sincere
586 3800 690 3873 agant
713 3791 746 3853 in
769 3791 923 3853 absentia
944 3788 1077 3852 illorum
1100 3806 1200 3869 quam
1222 3791 1256 3853 in

136 3888 337 3970 praesentia,
355 3906 422 3949 non
445 3895 606 3968 spernant
630 3885 764 3960 servire,
781 3885 856 3966 quia
872 3883 1107 3964 unusquisque,
1123 3883 1155 3944 in
1173 3903 1257 3964 quo·

137 4001 267 4065 cunque
277 3981 385 4063 gradu
396 3981 571 4062 dignitatis
583 3981 637 4055 sit,
647 3980 771 4044 servire
783 3978 886 4042 debet
899 3999 906 4054 ;
930 3979 1031 4040 etiam
1046 3976 1123 4039 Rex
1135 3977 1258 4040 serviet

138 4075 304 4152 Domino;
328 4084 363 4138 et
380 4076 464 4138 sicut
482 4076 619 4156 quisque
638 4073 781 4137 fideliter
797 4073 909 4146 servit,
926 4073 974 4135 ita
989 4081 1121 4134 amatur
1136 4078 1171 4133 et
1195 4069 1256 4133 du-

139 4171 222 4233 citur
237 4190 258 4232 a
275 4169 441 4246 Domino;
465 4179 500 4231 et
522 4176 686 4250 quantum
702 4167 774 4249 quis
796 4163 928 4248 spectat
951 4165 995 4229 ad
1017 4165 1200 4229 Dominum
1223 4173 1260 4227 et

141 4259 219 4347 lugit
236 4261 328 4326 mala
343 4269 380 4325 ut
396 4270 548 4343 peccata,
564 4260 667 4326 servit
682 4259 786 4325 libere
801 4270 838 4325 et
853 4278 921 4324 non
937 4255 1064 4322 coaCte.
