2776 5040
404 476 455 528 DE
478 477 614 528 DIVINA
637 478 857 530 TRINITATE.
1152 485 1190 552 53

286 665 383 725 nem;
414 659 674 731 consequenter,
699 652 760 713 nisi
784 652 891 732 ipsum
917 652 1075 715 Divinum
1099 654 1190 735 quod

285 751 427 805 vocatur
445 743 543 806 Pater
562 745 606 806 sit
625 745 749 819 anima,
768 745 964 808 Humanum
984 747 1073 828 quod
1087 767 1190 810 voca·

285 844 338 898 tur
356 836 461 899 Filius
477 838 521 899 sit
540 857 662 919 corpus
681 840 825 914 animae,
839 836 903 903 1¹¹et
919 838 1063 922 Spiritus
1083 838 1190 904 Sanc·

283 939 337 993 tus
356 933 401 993 sit
420 933 576 1013 operatio
597 933 795 1012 procedens.

133 1038 164 1084 2.
198 1020 297 1104 Quod
321 1025 398 1088 ideo
416 1026 450 1088 in
468 1025 624 1090 Ecclesia
643 1025 837 1089 Christiana
854 1028 963 1090 ubivis
982 1039 1190 1109 agnoscatur

283 1120 374 1200 quod
393 1121 426 1182 in
445 1119 584 1183 Christo
607 1119 700 1182 Deus
723 1130 759 1183 et
779 1120 905 1196 Homo,
926 1120 991 1185 hoc
1011 1133 1075 1198 est,
1098 1123 1191 1186 Divi·

284 1231 364 1275 num
382 1224 418 1276 et
438 1214 646 1289 Humanum,
661 1216 729 1277 sint
748 1235 815 1276 una
835 1215 992 1291 Persona,
1008 1219 1094 1280 sicut
1114 1219 1187 1280 ani·

283 1326 339 1369 ma
361 1318 396 1371 et
420 1328 543 1390 corpus
565 1310 599 1371 in
623 1309 770 1371 homine.
817 1308 894 1372 Hoc
918 1313 1115 1390 agnoscitur
1145 1312 1189 1375 ibi

283 1421 328 1463 ex
348 1400 513 1482 Symbolo
531 1402 727 1465 Athanasii.

134 1509 164 1574 3.
196 1491 308 1575 Quare
334 1498 390 1578 qui
417 1498 596 1578 cognoscit
621 1498 778 1558 unionem
802 1497 936 1560 animae
957 1508 999 1561 *et
1027 1501 1188 1582 corporis,

284 1608 324 1653 ac
347 1591 427 1654 inde
444 1591 692 1671 operationem,
712 1592 892 1671 cognoscit
916 1589 1122 1656 Trinitatem
1153 1605 1189 1657 et

282 1684 381 1747 simul
399 1684 581 1749 Unitatem
602 1685 677 1759 Dei,
698 1687 731 1748 in
754 1686 901 1767 quadam
921 1687 1048 1748 umbra.

131 1793 164 1855 4
197 1773 298 1857 Quod
320 1779 499 1841 rationalis
522 1778 625 1842 homo
648 1779 745 1853 sciat,
767 1788 826 1841 aut
849 1779 934 1842 scire
958 1781 1076 1861 possit,
1097 1781 1188 1862 quod

281 1873 394 1935 anima
411 1871 468 1935 filii
487 1873 530 1935 sit
550 1893 595 1937 ex
613 1883 721 1955 patre,
733 1883 769 1936 et
781 1874 872 1956 quod
889 1874 1001 1936 anima
1020 1875 1138 1936 induat
1152 1895 1189 1938 se

282 1985 424 2048 corpore
437 1968 471 2028 in
488 1976 586 2029 utero
599 1968 727 2041 matris,
740 1977 776 2029 et
791 1967 881 2048 quod
895 1976 1016 2049 postea
1032 1988 1077 2030 ex
1094 1977 1188 2032 utro·

282 2080 347 2142 que
365 2061 529 2142 procedat
546 2062 656 2123 omnis
675 2062 838 2143 operatio.

136 2165 164 2233 5.
196 2150 379 2245 Quodnqui
406 2156 470 2217 scit
498 2155 657 2217 unionem
680 2155 813 2217 animae
836 2164 872 2219 et
900 2156 1060 2236 corporis,
1084 2157 1188 2219 etiam

282 2249 380 2321 sciat,
402 2258 460 2312 aut
480 2249 565 2310 scire
588 2249 708 2330 possit,
728 2249 818 2331 quod
838 2247 908 2312 vita
931 2251 1065 2312 animae
1088 2252 1131 2313 sit
1155 2252 1188 2312 in

283 2361 436 2423 corpore,
450 2353 484 2405 et
496 2342 586 2424 quod
600 2343 646 2405 sic
661 2343 732 2405 vita
745 2344 894 2424 corporis
908 2344 951 2405 sit
963 2344 1033 2405 vita
1046 2344 1187 2407 animae.

132 2432 163 2494 6.
196 2432 465 2516 Consequenter,
486 2437 576 2518 quod
595 2437 708 2499 anima
724 2438 827 2509 vivat,
846 2436 987 2518 proinde
1007 2438 1133 2500 sentiat
1153 2449 1189 2501 et

282 2541 450 2611 operetur,
463 2532 496 2592 in
508 2550 650 2612 corpore
667 2541 702 2593 et
716 2551 760 2592 ex
773 2549 914 2611 corpore
927 2551 934 2607 ;
947 2540 983 2593 et
1007 2531 1097 2613 quod
1113 2551 1188 2594 cor-

283 2643 345 2705 pus
368 2625 473 2699 vivat,
493 2626 632 2700 sentiat,
652 2634 689 2687 et
716 2632 874 2705 operetur
901 2644 946 2687 ex
974 2644 1011 2687 se
1037 2625 1116 2687 dum
1144 2646 1189 2689 ex

283 2719 407 2781 anima.

132 2825 162 2891 7.
196 2807 298 2891 Quod
321 2813 385 2876 hoc
409 2814 452 2875 sit
476 2814 553 2895 quia
576 2814 690 2876 omnia
712 2813 845 2875 animae
869 2823 948 2875 sunt
972 2813 1132 2894 corporis,
1153 2823 1188 2877 et

284 2909 398 2970 omnia
421 2908 571 2989 corporis
595 2917 674 2972 sunt
697 2908 854 2984 animae,
878 2907 956 2969 inde
975 2917 1011 2970 et
1034 2927 1102 2969 non
1125 2906 1188 2970 ali·

284 3001 374 3064 unde
393 3011 446 3064 est
465 3002 544 3064 unio
560 3001 705 3064 illorum.

133 3094 162 3156 8.
195 3090 297 3174 Quod
327 3095 431 3158 modo
457 3096 657 3177 apparentia
690 3095 733 3157 sit
766 3095 857 3177 quod
887 3095 1000 3157 anima
1030 3106 1189 3177 operetur

282 3190 477 3272 separatim,
490 3209 511 3251 a
526 3209 563 3251 se
576 3208 765 3271 percorpus
778 3209 786 3266 ;
810 3208 886 3252 cum
901 3199 1016 3252 tamen
1029 3199 1189 3270 operatur

282 3284 315 3345 in
335 3303 476 3365 corpore
494 3293 530 3347 et
550 3304 595 3347 ex
614 3303 765 3366 corpore.

130 3393 162 3458 9.
196 3373 296 3456 Quod
316 3398 361 3440 ex
385 3377 436 3440 his
455 3377 559 3440 homo
575 3377 761 3450 rationalis,
782 3377 837 3459 qui
857 3377 1098 3440 commercium
1116 3378 1189 3440 ani·

284 3491 359 3535 mae
386 3482 421 3535 et
449 3473 599 3552 corporis
629 3473 734 3545 novit,
761 3473 869 3554 possit
898 3471 1189 3552 comprehendere
1301 3482 1305 3491 “

282 3565 365 3630 haec
384 3566 523 3629 Domini
539 3566 642 3629 verba
655 3564 809 3648 z-Quod
823 3568 924 3632 Pater
935 3578 972 3633 et
991 3566 1069 3648 Ipse
1086 3585 1188 3628 unum

283 3662 350 3723 sint
366 3681 374 3738 ;
398 3661 490 3743 quod
506 3662 621 3723 omnia
641 3660 749 3723 Patris
769 3680 828 3723 sua
844 3661 924 3734 sint,
942 3670 977 3723 et
995 3661 1110 3723 omnia
1128 3680 1189 3721 sua

283 3753 412 3831 Patris;
438 3754 528 3836 quod
552 3755 666 3816 omnia
692 3753 800 3816 Patris
825 3754 868 3816 ad
894 3753 1009 3835 Ipsum
1028 3755 1186 3828 veniant;

282 3849 373 3929 quod
387 3848 487 3911 Pater
499 3848 631 3911 dederit
647 3850 761 3910 omnia
774 3850 807 3910 in
825 3867 961 3911 manum
976 3848 1051 3910 Filii
1065 3868 1072 3925 ;
1096 3847 1188 3930 quod

281 3945 367 4007 sicut
382 3944 482 4006 Pater
494 3953 654 4025 operatur
664 3943 766 4005 etiam
780 3943 884 4005 Filius
897 3953 1056 4024 operetur
1069 3963 1076 4019 ;
1095 3942 1186 4025 quod

281 4038 337 4120 qui
352 4037 446 4100 videt
462 4046 498 4101 et
529 4038 709 4118 cognoscit
734 4035 856 4099 Filium
880 4038 984 4099 etiam
1008 4037 1125 4100 videat
1152 4046 1187 4099 et

281 4141 471 4213 cognoscat
484 4131 620 4202 Patrem
633 4151 641 4209 ;
660 4131 751 4212 quod
764 4132 820 4213 qui
833 4151 936 4194 unum
952 4141 1030 4194 sunt
1041 4133 1074 4194 in
1088 4131 1187 4204 Filio,

281 4245 383 4288 unum
402 4227 470 4288 sint
489 4225 523 4289 in
543 4225 665 4302 Patre;
688 4224 780 4306 quod
800 4244 901 4287 nemo
913 4225 1035 4288 viderit
1052 4227 1186 4289 Patrem

281 4321 343 4382 nisi
361 4319 477 4395 Filius,
491 4319 547 4401 qui
566 4320 598 4381 in
618 4320 692 4381 sinu
712 4319 819 4381 Patris
836 4329 899 4393 est,
917 4317 966 4400 [et
981 4321 1036 4401 qui
1054 4319 1185 4403 Ipsum]

282 4415 461 4496 exposuit;
496 4413 587 4495 quod
618 4412 719 4476 Pater
745 4413 778 4474 in
808 4413 896 4476 Filio
926 4414 981 4488 sit,
1012 4423 1048 4476 et
1080 4413 1185 4476 Filius
