2776 5040
296 501 500 552 ECCLESIAE
523 501 818 566 ANTIQUISSIMAE
842 501 1095 567 F1N18.-N.31.
1209 503 1247 566 41

133 692 179 737 ex
204 690 320 735 amore
342 671 390 733 sui
417 681 452 734 et
475 671 589 733 mundi
612 681 776 753 apparent
799 672 885 734 sicut
907 670 1014 733 fusilia
1039 691 1084 734 ex
1110 691 1192 733 auro
1218 671 1251 733 in

133 767 249 829 medio
267 775 302 828 et
325 786 369 828 cx
389 774 533 846 argento
551 765 594 827 ad
613 763 730 841 latera,
750 765 792 827 ad
812 785 896 846 quae
915 762 1019 828 flectit
1038 784 1148 845 genua
1166 764 1253 826 sicut

133 859 327 923 idololatra.
372 859 474 922 Porro
493 858 596 922 homo
614 858 793 940 spiritualis
816 860 849 922 in
868 880 904 922 se
923 869 975 922 est
994 856 1170 921 actualiter
1188 859 1251 920 sic·

135 963 173 1016 ut
186 953 344 1017 columba
356 953 466 1034 quoad
482 953 784 1039 mansuetudinem,
798 955 884 1016 sicut
896 952 1007 1035 aquila
1018 952 1128 1035 quoad
1146 954 1252 1015 visum

136 1048 272 1119 mentis,
292 1048 377 1109 sicut
396 1047 466 1108 avis
485 1047 690 1127 paradisiaca
709 1047 827 1110 volans
846 1046 957 1129 quoad
981 1049 1252 1127 progressionem

134 1141 168 1202 in
193 1140 428 1222 spiritualibus
448 1150 482 1203 et
506 1142 592 1204 sicut
615 1161 702 1222 pavo
720 1141 831 1223 quoad
855 1140 974 1204 horum
993 1143 1251 1204 exornationem

133 1255 156 1297 a
174 1235 418 1316 spiritualibus:
443 1236 587 1297 vicissim
606 1245 720 1299 autem
739 1235 841 1298 homo
860 1234 1021 1297 naturalis
1040 1245 1214 1316 separatus
1233 1255 1253 1297 a

135 1328 299 1410 spirituali
326 1339 378 1391 est
405 1331 491 1392 sicut
514 1330 675 1410 accipiter
703 1349 906 1411 persequens
933 1328 1136 1403 columbam,
1164 1331 1251 1392 sicut

135 1423 241 1485 draco
270 1423 436 1485 devorans
465 1422 581 1486 oculos
611 1422 752 1504 aquilae,
784 1424 869 1485 sicut
900 1432 1030 1505 prester
1060 1423 1178 1485 volans
1209 1424 1252 1485 ad

136 1517 226 1579 latus
242 1516 312 1578 avis
328 1515 564 1597 paradisiacae,
581 1525 616 1579 et
636 1517 721 1578 sicut
737 1516 827 1579 bubo
839 1516 938 1597 juxta
953 1536 1130 1598 pavonem.
1176 1515 1253 1580 Hae

136 1611 408 1692 comparationes
435 1609 559 1672 allatae
586 1620 676 1685 sunt,
700 1621 736 1673 ut
762 1612 830 1673 sint
857 1612 942 1696 sicut
970 1611 1170 1693 perspicilla,
1194 1631 1253 1693 per

136 1724 225 1788 quae
248 1703 365 1785 legens
389 1700 550 1785 propius¹¹¹
568 1705 791 1786 contemplari
815 1715 929 1787 potest
952 1704 1059 1787 qualis
1082 1715 1134 1767 est
1157 1706 1253 1787 spiri·

135 1797 237 1862 tualis
256 1797 358 1860 homo
377 1799 410 1859 in
429 1819 476 1869 se,
496 1808 530 1861 et
550 1797 711 1861 naturalis
730 1798 833 1862 homo
852 1801 885 1862 in
908 1818 953 1861 se.
999 1799 1136 1861 Prorsus
1154 1798 1253 1862 aliter

135 1913 218 1955 vero
240 1891 305 1954 hoc
329 1901 392 1966 est,
412 1892 547 1974 quando
569 1892 749 1974 spiritualis
772 1893 875 1956 homo
898 1914 957 1975 per
979 1912 1073 1955 suam
1097 1893 1252 1973 spiritua·

135 1986 204 2048 lern
227 1984 336 2048 lucem
363 1995 399 2048 et
425 1986 632 2066 spiritualem
656 1986 804 2049 calorem
831 1988 922 2049 intus
946 1996 999 2048 est
1026 1987 1059 2047 in
1088 1987 1251 2063 naturali;

135 2090 218 2143 tunc
243 2090 382 2162 uterque
406 2099 508 2142 unum
533 2080 670 2155 iaciunt,
694 2080 914 2144 consimiliter
938 2083 1023 2144 sicut
1048 2091 1190 2143 conatus
1217 2082 1250 2143 in

135 2183 243 2249 motu,
267 2193 306 2236 ac
330 2174 486 2237 voluntas
511 2173 581 2256 (qui
605 2185 657 2238 est
684 2185 827 2238 conatus
850 2175 958 2257 vivus)
986 2176 1020 2237 in
1047 2172 1190 2249 actione,
1215 2186 1250 2238 et

136 2269 224 2330 sicut
244 2267 414 2348 appetitus
437 2267 470 2329 in
493 2278 605 2348 gustu,
625 2288 664 2340 ac
683 2269 772 2331 visus
795 2269 918 2331 mentis
941 2269 973 2330 in
992 2269 1063 2330 visu
1082 2269 1190 2344 oculi;
1214 2288 1253 2332 ac

135 2361 337 2434 evidentius,
358 2362 444 2423 sicut
467 2363 641 2444 perceptio
659 2363 706 2425 rei
729 2364 761 2425 in
781 2363 987 2444 cognitione,
1007 2359 1069 2426 et¹¹l
1088 2363 1252 2444 cogitatio

135 2455 209 2536 ejus
227 2456 260 2518 in
280 2454 423 2536 loquela.

197 2654 265 2721 31.
294 2639 355 2718 (ἰν.)
381 2639 516 2710 Quartus
529 2644 632 2702 slatus
646 2639 735 2722 hujus
748 2640 920 2714 Ecclesiae,
935 2641 990 2723 qui
1006 2647 1079 2702 oroi
1093 2641 1160 2723 ojus
1174 2641 1256 2705 Finis

134 2752 195 2797 serr
217 2731 283 2794 nox
301 2740 335 2795 si
355 2738 482 2797 meatur
502 2732 734 2807 consummatio,
752 2734 950 2797 describitur
968 2754 1027 2816 per
1047 2734 1131 2796 haec
1151 2736 1253 2797 etiam

137 2826 203 2912 [in]
224 2829 327 2891 tertio
345 2829 456 2911 capite
477 2827 686 2910 [Geneseosp

189 2963 350 3015 “cumam
361 2963 483 3029 Jehovah
495 2963 771 3022 Deusadhominem,
782 2965 899 3028 dixitque
911 2964 957 3022 nn,
970 2962 1021 3013 uu
1034 2965 1080 3014 tu?
1113 2963 1251 3027 nurum
1321 2942 1324 2947 ’

269 3028 369 3078 Vocem
388 3040 460 3078 tuam
478 3030 568 3078 audivi
588 3029 615 3078 in
632 3029 720 3087 horto,
734 3029 795 3078 ideo
812 3029 887 3078 timui
906 3029 978 3078 mihi.
1101 3028 1170 3077 Turn
1188 3028 1255 3077 dixit

268 3093 390 3159 Jehovah
392 3131 474 3152 .....
485 3093 557 3143 Num
569 3094 602 3143 de
620 3094 723 3152 arbore,
737 3094 771 3143 de
783 3109 835 3158 qua
852 3094 974 3157 praecepi
991 3094 1038 3143 tibi
1056 3103 1086 3142 ut
1098 3094 1131 3142 de
1148 3108 1181 3142 ea
1198 3108 1253 3142 nou

270 3160 432 3218 comederes,
450 3160 608 3209 comedisti?
641 3159 674 3208 Et
691 3159 757 3208 dixit
769 3160 860 3216 horno,
878 3157 975 3209 Mulier
992 3173 1070 3222 quarn
1087 3159 1183 3207 dedisti
1200 3174 1255 3208 rne-

269 3239 338 3282 cum,
348 3226 413 3274 haec
421 3225 494 3275 dedit
504 3225 568 3274 mibi
580 3225 614 3274 de
625 3225 729 3282 arbore,
741 3233 768 3273 et
777 3225 889 3273 comedi.
928 3223 961 3272 Et
972 3225 1039 3273 dixit
1050 3222 1171 3288 Jehovah
1181 3223 1254 3273 Deus

272 3290 383 3349 mulieri,
398 3289 487 3353 Quare
499 3291 549 3339 hoc
566 3289 672 3339 iecisti?
705 3289 739 3338 Et
756 3289 822 3338 dixit
833 3289 937 3347 mulier,
952 3289 1067 3351 Serpens
1078 3289 1182 3350 decepit
1200 3303 1252 3346 me,

270 3363 297 3404 et
317 3354 448 3404 comedi.”
482 3354 557 3404 Tunc
577 3354 698 3418 Jehovah
720 3354 792 3403 Deus
810 3354 947 3403 maledixit
964 3355 1091 3416 serpenti,
1113 3364 1141 3403 et
1161 3363 1255 3416 postea

271 3420 383 3478 mulieri,
397 3430 424 3469 et
442 3430 503 3482 post
520 3421 588 3469 hanc
600 3421 666 3468 viro.
702 3419 804 3483 Quibus
816 3417 903 3477 dictis,
920 3422 937 3442 ‘⁴
947 3418 1068 3482 Jehovah
1082 3419 1154 3468 Deus
1166 3419 1255 3468 emisit

270 3484 406 3612 horrtrippm
424 3499 458 3534 ex
475 3485 552 3612 lpopto
570 3484 678 3542 Edenis,
697 3485 730 3532 ad
747 3484 888 3533 colendum
907 3494 1012 3541 terram,
1032 3499 1047 3533 e
1064 3499 1116 3546 qua
1133 3495 1254 3545 sumptus

270 3564 317 3599 era
370 3565 440 3599 vers.
454 3565 481 3612 9-
499 3563 532 3610 3.

136 3672 196 3736 Ex
220 3692 320 3735 sensu
339 3672 475 3737 literato
494 3694 552 3736 seu
575 3673 736 3736 historico
755 3674 989 3754 descriptionis
1008 3675 1097 3736 vitae
1117 3673 1253 3744 Adami,

137 3777 236 3850 patet
259 3768 349 3848 quod
372 3765 571 3831 malediftus
594 3769 637 3830 sit
661 3769 737 3849 quia
756 3769 898 3830 credidit
921 3769 1069 3850 serpenti
1093 3769 1181 3849 quod
1205 3768 1253 3829 iu·

137 3871 233 3924 turus
254 3869 344 3924 esset
363 3863 449 3924 sicut
474 3861 576 3936 Deus,
595 3870 630 3925 et
649 3862 704 3943 qui
727 3861 791 3924 hoc
811 3863 918 3925 credit
941 3864 1079 3925 tandem
1103 3882 1253 3943 non-ag·

137 3953 250 4016 noscit
266 3952 386 4017 Deum.
432 3954 477 4018 Et
494 3956 570 4037 quia
581 3954 740 4018 naturalis
753 3955 856 4018 homo
869 3966 1042 4037 separatus
1058 3977 1078 4018 a
1093 3956 1254 4038 spirituali

137 4047 172 4108 in
191 4045 251 4110 tali
269 4045 335 4110 fide
354 4059 406 4111 est
423 4050 534 4122 corde,
551 4058 733 4131 utcumque
749 4048 846 4112 aliter
861 4051 966 4130 garrit
982 4071 1050 4123 ore,
1067 4050 1144 4112 ideo
1160 4059 1254 4131 post·

137 4159 239 4222 quam
259 4161 278 4203 a
296 4142 458 4223 spirituali
478 4142 639 4206 naturalis
658 4141 763 4206 faetus
782 4153 845 4217 est,
863 4140 943 4205 hic¹⁸¹
962 4140 1160 4206 maledictus
1179 4151 1251 4219 est;

137 4253 177 4298 ac
202 4233 399 4299 maledictus
422 4247 474 4299 est
499 4237 611 4318 quoad
636 4236 705 4318 ejus
733 4237 898 4311 sensuale,
922 4237 992 4318 ejus
1015 4237 1252 4309 voluntarium,

138 4337 174 4392 et
202 4327 272 4407 ejus
294 4327 544 4408 intelledtuale3
576 4330 645 4411 ejus
670 4332 826 4395 sensuale
849 4333 939 4395 enirn
963 4330 1171 4413 significatur
1195 4340 1254 4412 per

139 4423 392 4504 “serpentem''
422 4424 491 4506 ejus
521 4424 745 4489 voluntarium
777 4447 836 4509 per
862 4426 1093 4503 “mulierem'’
1119 4435 1155 4488 et
1184 4424 1253 4505 ejus
