2776 5040
508 497 560 549 nu
581 495 813 549 ennarrans.
1178 499 1219 567 41

107 664 120 718 i.
148 663 222 722 uuor
230 664 289 734 ἱροσ
301 663 417 718 chariton
427 663 465 718 eit
474 663 500 718 in
513 664 612 718 ruram
624 663 732 723 domiue.
744 668 773 717 et
781 662 883 732 ciprum
895 663 953 732 elue
963 661 989 717 ln
1001 663 1119 716 triceno.

162 796 266 880 Quod
279 798 436 863 internus
448 807 484 862 et
496 797 671 862 Externos
682 798 784 861 homo
797 798 851 873 sit,
865 807 983 861 notum
994 807 1047 861 est
1059 819 1068 876 3
1084 807 1119 862 et
1131 797 1221 881 quod

107 891 255 956 Internus
271 893 374 956 homo
390 893 521 955 dicatur
536 892 670 973 spiritus
685 900 721 955 et
741 890 915 955 Externus
931 911 1019 967 caro,
1036 893 1139 956 etiam
1159 911 1220 956 no-

110 1004 167 1048 um
190 996 265 1064 est;
296 987 373 1069 quia
394 986 525 1061 dicitur,
549 995 584 1050 et
610 1007 631 1049 a
659 985 857 1069 quibusdam
881 987 1107 1067 cognoscitur,
1130 986 1221 1069 quod

107 1099 209 1161 ›ugna
220 1081 263 1144 sit
279 1081 367 1144 inter
377 1081 529 1161 spiritum
542 1090 576 1143 et
589 1099 736 1143 carnem.
781 1077 923 1160 Spiritus
936 1081 990 1162 qui
1003 1089 1132 1162 pugnat
1144 1099 1220 1143 cum

107 1192 205 1247 tarne,
222 1184 275 1237 est
291 1175 443 1237 internus
459 1174 572 1249 homo,
586 1175 642 1255 qui
657 1182 709 1236 est
726 1173 883 1237 charitas.

156 1266 315 1330 internus
331 1268 435 1331 homo
450 1268 556 1350 qualis
571 1277 634 1342 est,
654 1287 722 1330 non
738 1277 852 1348 potest
875 1288 911 1331 se
930 1268 1144 1332 manifestare
1163 1287 1220 1333 co·

107 1379 165 1425 am
181 1361 317 1425 homine
340 1363 402 1425 nisi
425 1381 484 1443 per
503 1361 715 1438 Externum;
739 1361 931 1425 manifestat
955 1382 991 1424 se
1014 1381 1089 1425 cum
1108 1382 1222 1444 pugna

107 1465 144 1519 :st
158 1474 235 1519 cum
249 1454 426 1534 Externo;
451 1456 610 1536 imprimis
626 1476 662 1518 se
675 1455 878 1530 manifestat,
892 1474 968 1519 cum
985 1457 1087 1519 homo
1099 1454 1220 1538 explo-

107 1558 144 1612 at
160 1568 209 1624 se,
222 1559 257 1612 et
273 1550 365 1613 videt
383 1571 442 1613 sua
458 1550 557 1624 mala,
573 1559 609 1614 et
627 1570 672 1613 ex
688 1549 882 1631 cognitione
899 1548 1079 1613 confitetur
1094 1549 1163 1624 illa,
1180 1569 1220 1614 ac

107 1642 225 1725 :ogitat
241 1644 283 1707 de
300 1645 521 1725 poenitentia,
538 1653 572 1708 et
594 1654 674 1709 tunc
691 1644 816 1708 resistit
833 1644 899 1706 suis
915 1644 1022 1719 malis,
1039 1652 1074 1708 et
1093 1645 1220 1725 satagit

107 1736 206 1801 vivere
224 1756 348 1801 novam
365 1739 481 1801 vitam.

107 1895 114 1909 ,
156 1827 192 1894 Si
215 1830 318 1894 homo
340 1831 397 1894 illa
420 1851 488 1895 non
510 1831 599 1907 iacit,
621 1831 779 1896 Internus
803 1831 906 1895 homo
921 1841 973 1896 est
990 1831 1118 1910 malus;
1141 1841 1177 1895 at
1193 1832 1220 1895 si

107 1921 149 1987 ila
165 1922 256 1999 facit,
275 1925 431 1989 internus
448 1926 550 1988 homo
566 1935 619 1989 est
638 1926 755 1988 bonus.
802 1925 967 1989 Dominus
982 1927 1071 1989 enim
1088 1946 1147 2008 per
1163 1926 1219 1990 In·

108 2037 227 2082 emum
244 2019 416 2082 hominem
432 2029 589 2100 operatur
604 2020 638 2082 in
662 2018 877 2098 Externum;
904 2031 939 2083 et
962 2021 1039 2102 quia
1051 2030 1131 2083 tunc
1148 2040 1219 2084 ma·

107 2131 163 2175 um
176 2113 301 2177 residet
317 2114 350 2175 in
367 2112 534 2188 Externo,
548 2111 585 2176 fit
602 2132 734 2195 pugna;
755 2114 787 2176 in
804 2113 996 2177 Externum
1009 2115 1098 2177 enim
1110 2114 1218 2177 homi·

107 2225 183 2281 rem,
199 2207 255 2289 qui
278 2217 418 2270 vocatur
436 2227 524 2280 caro,
543 2207 769 2271 admittuntur
784 2209 917 2289 spiritus
940 2229 985 2272 ex
1008 2208 1147 2283 inferno,
1164 2211 1219 2291 qui

107 2310 259 2364 *ocantur
274 2300 437 2376 diabolus,
455 2312 489 2364 et
506 2302 670 2365 Dominus
688 2301 778 2382 apud
801 2303 973 2366 hominem
996 2311 1127 2384 pugnat
1142 2322 1219 2368 cum

107 2392 166 2473 ilo;
187 2404 223 2459 et
239 2395 266 2457 si
281 2395 385 2458 homo
397 2396 499 2459 etiam
511 2397 598 2460 sicut
608 2416 653 2458 ex
665 2416 701 2458 se
715 2401 855 2477 pugnat,
866 2397 990 2474 vincit;
1009 2405 1045 2460 et
1055 2406 1219 2478 quantum

108 2487 278 2571 diabolus]
296 2490 449 2563 vincitur,
466 2500 600 2552 tanturn
613 2488 711 2553 datur
722 2488 815 2553 locus
832 2509 892 2571 pro
904 2490 1001 2553 bonis
1017 2511 1061 2553 ex
1079 2491 1218 2554 interno

107 2583 231 2648 romine
255 2593 291 2646 ut
314 2583 451 2646 intrent.
497 2584 551 2646 Ita
571 2583 675 2647 homo
689 2584 877 2647 successive
893 2582 931 2648 fit
947 2603 1054 2648 novus
1070 2593 1104 2647 et
1121 2604 1218 2667 rege·

107 2686 241 2741 teratur.

157 2769 326 2853 Quicquid
346 2771 503 2834 Internus
518 2771 621 2834 homo
642 2772 806 2853 producit,
823 2780 859 2834 et
881 2771 969 2834 sistit
985 2772 1168 2834 videndum
1182 2782 1218 2837 et

107 2864 308 2929 entiendum
325 2866 358 2928 in
374 2864 541 2940 Externo‚
559 2874 700 2929 vocatur
714 2866 857 2946 signum.
902 2863 937 2928 Si
953 2866 1100 2929 charitas
1114 2875 1167 2929 est
1184 2866 1218 2929 in

107 2959 246 3033 memo,
264 2959 418 3040 producit
442 2969 479 3022 ut
502 2960 605 3022 homo
621 2955 771 3022 reflectat
788 2977 887 3039 super
902 2958 991 3022 mala
1008 2960 1098 3040 apud
1119 2979 1168 3037 se,
1182 2970 1217 3023 et

107 3049 271 3117 ittualiter
288 3054 465 3135 cognoscit
489 3062 524 3116 et
547 3054 611 3117 scit
633 3052 701 3126 illa,
720 3061 756 3116 et
778 3052 824 3115 sic
849 3071 958 3133 porro.
1003 3051 1038 3116 Si
1060 3054 1126 3117 hoc
1149 3074 1218 3119 non

107 3146 184 3221 acit,
200 3157 382 3210 externum
398 3146 468 3227 ejus
487 3166 555 3209 non
577 3157 630 3210 est
653 3147 786 3228 signum
804 3145 989 3221 charitatis,
1005 3157 1041 3211 et
1063 3149 1091 3210 si
1114 3168 1218 3231 usque

107 3249 274 3306 ueternum
291 3251 343 3304 est
366 3242 399 3303 in
416 3239 508 3304 cultu
524 3250 559 3304 et
578 3241 715 3322 pietate,
731 3259 799 3303 non
815 3250 868 3302 est
884 3240 1016 3320 signum
1032 3241 1216 3317 charitatis,

107 3333 153 3398 ed
168 3344 223 3398 est
244 3335 391 3399 charitas
407 3346 551 3398 externa
565 3335 690 3416 absque
707 3333 872 3398 charitate
887 3334 1029 3409 interna,
1046 3354 1131 3416 quae
1149 3356 1218 3399 non

107 3437 145 3491 est
162 3427 320 3491 charitas.

158 3521 221 3585 Per
236 3524 369 3603 signum
387 3521 587 3604 intelligitur
601 3522 758 3586 indicium
780 3532 816 3586 et
840 3520 1034 3587 testificatio
1049 3523 1140 3605 quod
1161 3525 1217 3600 sit,

107 3616 172 3699 luia
187 3617 299 3697 signat
315 3624 351 3679 et
366 3614 543 3697 significat,
560 3635 599 3680 ac
615 3617 740 3679 indicat
756 3625 791 3680 et
807 3614 978 3679 testificat.

158 3709 334 3773 Internum
347 3710 472 3791 absque
485 3709 584 3791 signo
595 3730 666 3783 suo,
677 3709 799 3772 indicio
808 3730 879 3782 suo,
889 3729 956 3772 non
969 3709 1080 3787 datur;
1097 3711 1124 3773 si
1137 3710 1217 3774 cha·

107 3804 177 3868 itas
189 3813 241 3867 est
257 3803 290 3866 in
308 3802 447 3867 Interno
463 3804 599 3866 homine
615 3824 673 3866 seu
689 3804 721 3866 in
737 3804 864 3884 spiritu,
880 3813 915 3867 et
931 3803 989 3866 illa
1003 3823 1072 3866 non
1087 3814 1217 3886 pugnat

107 3917 172 3962 :um
198 3908 345 3961 externo
374 3898 510 3972 homine
540 3907 575 3961 et
605 3895 674 3978 ejus
699 3916 810 3971 carne,
838 3898 924 3978 perit
952 3897 1108 3961 charitas.
1152 3898 1217 3962 Est

107 3992 182 4056 ricut
196 3990 270 4054 sons
287 4012 388 4073 purae
404 4012 521 4074 aquae,
534 3992 561 4054 si
576 4010 643 4054 non
657 3990 755 4054 datur
767 3992 889 4067 exitus
902 4001 1040 4073 stagnat
1054 4012 1061 4068 ;
1084 3999 1120 4054 et
1135 3999 1217 4054 tunc

107 4084 150 4148 rel
172 4095 283 4149 cessat
307 4105 394 4148 vena
423 4086 504 4166 ejus,
534 4085 590 4148 vel
620 4106 664 4148 ex
695 4087 912 4168 stagnatione
935 4085 1097 4150 soedascit
1120 4104 1216 4168 aqua.

107 4176 211 4243 Plures
226 4178 499 4244 confirmationes
514 4178 592 4242 alibi
608 4200 652 4243 ex
664 4178 782 4244 Verbo
797 4180 839 4244 de
854 4180 915 4244 his
