2776 5040
154 479 195 553 16
557 495 609 547 ns
631 494 867 547 cranmere.
926 462 929 469 ’

150 662 179 717 3.
203 661 277 720 Quor!
291 663 367 731 qualo
379 660 495 741 proniori
508 661 547 716 cit
560 663 702 717 mundun
718 663 795 732 puolo
808 661 1104 731 wimodiorum,
1121 678 1175 718 mu
1190 664 1274 735 μή

250 729 325 782 tomo
336 729 398 782 tuln
407 743 551 797 proximus.

215 847 317 930 Quod
342 868 410 911 non
434 849 674 912 omnishomo
697 850 741 914 sit
765 849 885 913 similis
905 850 1086 932 proximus
1109 859 1147 915 ut
1172 851 1266 926 alter,

84 1001 87 1007 .
150 945 254 1007 docet
268 943 431 1025 parabola
444 943 582 1007 Domini
601 944 644 1007 de
656 944 840 1008 vulnerato
858 965 878 1008 a
897 945 1101 1021 latronibus,
1118 947 1176 1010 ubi
1189 947 1266 1010 dici·

149 1049 203 1102 tur
221 1039 312 1120 quod
333 1038 391 1101 ille
410 1040 455 1101 sit
472 1039 659 1120 proximus,
680 1039 735 1120 qui
755 1058 856 1119 opem
877 1038 954 1102 tulit
974 1041 1015 1102 ei,

214 1131 280 1214 Qui
311 1153 379 1196 non
410 1133 589 1214 distinguit
620 1134 814 1214 proximum
838 1135 1025 1197 secundum
1056 1135 1160 1217 quale
1190 1135 1262 1199 boni

149 1238 185 1292 et
204 1229 274 1290 veri
294 1228 384 1309 apud
404 1227 510 1296 illum.
526 1237 641 1310 potest
660 1226 783 1290 millies
802 1227 933 1308 decipi;
957 1228 995 1292 fit
1015 1228 1169 1294 charitas
1188 1251 1261 1295 con·

148 1323 221 1386 lusa
240 1333 274 1386 et
293 1324 433 1387 tandem
455 1321 569 1400 nulla;
593 1333 711 1403 potest
730 1322 834 1386 homo
850 1323 1008 1387 diabolus
1024 1325 1188 1402 clamare,
1204 1345 1262 1408 ego

148 1437 222 1481 sum
247 1419 435 1500 proximus,
459 1417 510 1480 lac
541 1417 623 1480 mihi
646 1417 797 1491 bonum;
835 1428 871 1481 et
902 1420 929 1481 si
959 1418 1042 1483 iacis
1066 1421 1097 1484 ei
1129 1422 1264 1493 bonum,

148 1523 265 1594 potest
286 1513 444 1576 occidere
463 1522 499 1576 te
518 1521 577 1576 aut
596 1511 705 1590 alios;
732 1512 795 1574 das
814 1512 962 1577 cultrum
981 1524 1041 1579 aut
1060 1515 1217 1597 gladium
1234 1517 1266 1579 in

148 1627 296 1671 manum.

211 1701 450 1784 Simplicesita
461 1703 588 1766 iaciunt
604 1722 612 1775 ς
631 1702 750 1765 dicunt
761 1703 852 1783 quod
863 1703 1092 1767 omnishomo
1104 1706 1150 1769 sit
1163 1722 1283 1788 aeque

147 1799 334 1881 proximus,
352 1806 388 1861 et
408 1808 482 1861 tum
498 1797 590 1880 quod
607 1798 669 1860 rati
690 1798 802 1880 operis
815 1817 883 1861 non
902 1799 947 1861 sit
962 1800 1150 1882 explorare
1161 1801 1305 1884 qualib

146 1901 211 1965 est,
226 1893 286 1955 sed
303 1891 368 1955 hoc
386 1889 592 1975 spectetura
609 1892 685 1956 Deo
700 1915 707 1970 ;
732 1894 836 1956 modo
849 1913 951 1975 opem
967 1894 1074 1959 ieram
1087 1899 1294 1978 proximo:

146 1986 207 2049 sed
227 2006 332 2067 usque
356 1985 421 2049 hoc
446 2005 515 2048 non
539 1996 592 2049 est
616 2006 731 2049 amare
751 1988 958 2068 proximum.
1006 1988 1071 2052 Ille
1093 1991 1153 2073 qui
1176 1998 1314 2054 ama&

145 2082 339 2162 proximum
360 2101 405 2144 ex
422 2081 571 2162 genuina
586 2081 767 2153 charitate,
785 2083 934 2164 exquirit
951 2082 1062 2165 qualis
1078 2085 1186 2149 homo
1201 2095 1265 2161 est,

145 2185 181 2239 et
200 2175 349 2238 discrete
369 2176 556 2238 secundum
576 2175 676 2257 quale
695 2177 822 2239 bonum
842 2176 912 2256 ejus
928 2176 1110 2242 benefacit.

207 2268 1264 2355 Simplicestalesinalteravitaabstrahunture'tseparantur;
1311 2290 1314 2297 '

145 2384 224 2427 nam
244 2366 271 2427 si
288 2366 377 2428 inter
393 2365 531 2448 spiritus
547 2364 736 2428 diabolicos
752 2366 906 2438 veniunt,
920 2366 1119 2431 alliciuntur
1137 2370 1182 2432 ad
1201 2369 1265 2433 illis
1304 2402 1314 2417 ·

144 2459 437 2530 benefaciendum.
447 2460 537 2523 acad
549 2459 833 2547 malefaciendum
843 2461 941 2524 bonis
956 2483 963 2538 ;
983 2461 1264 2533 clamant.libera

145 2574 209 2628 me,
231 2555 402 2634 opitulare
422 2555 514 2617 mihi.
560 2554 637 2618 Hoc
662 2565 716 2618 est
736 2557 924 2618 maximum
944 2557 1047 2619 robur
1067 2559 1161 2639 quod
1185 2561 1263 2624 mali

143 2650 205 2713 sibi
222 2650 402 2732 acquirunt
417 2670 424 2727 ;
449 2651 577 2732 absque
593 2670 659 2731 ope
675 2659 710 2713 et
727 2652 822 2731 quasi
836 2649 1077 2731 conjunctione
1093 2673 1172 2716 cum
1188 2655 1261 2731 illis,

142 2764 278 2825 prorsus
292 2743 374 2807 nihil
386 2744 524 2821 valent;
544 2744 604 2807 sed
619 2743 788 2820 cumillis,
803 2766 889 2827 quos
902 2766 962 2827 per
975 2765 1100 2810 nomen
1115 2751 1262 2830 proximi

141 2840 362 2921 deceperunt,
383 2839 509 2902 valent.

165 2986 173 2999 .
259 2935 338 3016 Ipsa
354 2935 502 3015 genuina
515 2934 662 2997 charitas
676 2941 729 2997 est
746 2935 895 3016 prudens
911 2944 947 2999 et
967 2937 1105 3018 sapiens
1120 2958 1128 3014 ;
1153 2936 1262 3001 altera

141 3005 172 3079 m·
198 3029 348 3093 charitas
367 3041 420 3094 est
441 3031 563 3112 spuria,
577 3031 655 3111 quia
673 3029 783 3093 solum
804 3040 857 3094 est
877 3030 1072 3096 voluntaria
1090 3053 1152 3097 seu
1170 3034 1259 3109 boni,

140 3087 171 3150 z
196 3138 232 3191 et
252 3147 321 3189 non
341 3127 441 3190 slmul
461 3124 706 3190 intellectualis
725 3147 785 3190 seu
803 3128 885 3249 veqi.

138 3328 164 3387 4,
189 3329 261 3385 duod
270 3328 371 3396 prorius
383 3326 496 3394 proniori
510 3326 548 3380 cii
562 3327 706 3405 secundum
717 3293 820 3405 produ}
834 3326 894 3380 boni
908 3331 938 3380 st
957 3327 1015 3380 mi
1025 3328 1097 3394 opud
1114 3329 1261 3387 homiuem:

236 3395 346 3463 proinde
356 3396 426 3463 quod
435 3410 484 3449 non
499 3409 566 3448 unus
577 3393 652 3446 nomo
663 3399 702 3447 ut
711 3409 737 3446 m
750 3394 831 3447 ermrlr'
837 3394 923 3462 produ
932 3394 1067 3462 proximus
1080 3395 1127 3462 [ut
1136 3396 1228 3463 ulter}

202 3513 335 3589 Bonum
355 3513 541 3577 secundum
563 3513 689 3594 gradus
706 3512 924 3594 distinguitur
946 3514 980 3576 in
999 3512 1128 3576 bonum
1148 3514 1258 3589 civile,

137 3609 263 3672 bonurn
284 3608 424 3681 morale,
445 3615 481 3671 et
501 3608 627 3671 bonum
648 3607 832 3687 spirituale.

181 3692 380 3766 'Proximus
400 3721 499 3784 quern
519 3702 624 3765 homo
644 3723 688 3765 ex
707 3700 879 3765 charitate
892 3703 1032 3776 amabit,
1046 3703 1111 3767 erit
1130 3703 1258 3767 bonum

136 3797 313 3879 spirituale
328 3818 336 3874 ;
360 3797 489 3877 absque
508 3797 573 3860 hoc
594 3797 686 3859 bono
699 3816 767 3858 non
787 3806 841 3860 est
858 3797 1019 3871 charitas,
1034 3817 1114 3860 nam
1130 3799 1257 3862 bonum

136 3893 311 3955 charitatis
331 3900 384 3954 est
404 3891 531 3954 bonum
548 3890 735 3973 spirituale,
753 3892 913 3973 quoniam
929 3891 1119 3958 secundum
1142 3893 1177 3957 id
1197 3893 1257 3956 bo·

136 4006 215 4050 num
235 3986 455 4067 conjungitur
474 3987 617 4068 quisque
636 3988 669 4049 in
690 3985 805 4049 caelis.

199 4082 332 4144 Bonum
353 4080 494 4154 morale,
515 4081 606 4164 quod
631 4091 684 4144 est
704 4082 813 4163 ipsum
834 4081 963 4144 bonum
981 4080 1183 4155 humanum,
1204 4089 1257 4143 est

135 4177 225 4239 enim
256 4177 384 4239 bonurn
408 4175 579 4240 rationale
603 4177 791 4239 secundum
814 4178 905 4258 quod
929 4177 1014 4239 vivit
1044 4175 1151 4238 homo
1181 4192 1256 4239 cum

133 4271 271 4334 homine
288 4281 324 4334 ut
338 4271 442 4334 irater
452 4278 487 4334 et
498 4272 621 4345 socius,
634 4281 687 4335 est
701 4272 877 4354 proximus
890 4281 1056 4354 quantum
1069 4270 1136 4335 hoc
1151 4271 1257 4334 trahit

133 4386 178 4428 ex
198 4366 289 4429 bono
307 4365 493 4446 spirituali;
518 4385 597 4429 nam
616 4366 744 4430 bonum
761 4366 889 4430 morale
905 4366 1033 4448 absque
1049 4364 1142 4429 bono
1159 4366 1256 4449 spiri·

133 4460 218 4525 tuali
230 4471 282 4529 est
301 4460 427 4525 bonum
444 4470 640 4540 externum,
653 4471 708 4526 est
727 4470 894 4526 externae
911 4461 1112 4539 voluntatis,
1127 4479 1168 4526 ac
1188 4478 1255 4524 non
