<?xml version="1.0" encoding="UTF-8"?>
<!DOCTYPE html PUBLIC "-//W3C//DTD XHTML 1.0 Transitional//EN"
    "http://www.w3.org/TR/xhtml1/DTD/xhtml1-transitional.dtd">
<html xmlns="http://www.w3.org/1999/xhtml" xml:lang="en" lang="en">
 <head>
  <title>
</title>
<meta http-equiv="Content-Type" content="text/html;charset=utf-8" />
  <meta name='ocr-system' content='tesseract 3.04.00' />
  <meta name='ocr-capabilities' content='ocr_page ocr_carea ocr_par ocr_line ocrx_word'/>
</head>
<body>
  <div class='ocr_page' id='page_1' title='image "./denovahiersosol00swedgoog_0359.png"; bbox 0 0 2776 5040; ppageno 0'>
   <div class='ocr_carea' id='block_1_1' title="bbox 134 451 977 518">
    <p class='ocr_par' dir='ltr' id='par_1_1' title="bbox 134 451 977 518">
     <span class='ocr_line' id='line_1_1' title="bbox 134 451 977 518; baseline -0.001 -2"><span class='ocrx_word' id='word_1_1' title='bbox 134 451 176 517; x_wconf 86' lang='lat'>28</span> <span class='ocrx_word' id='word_1_2' title='bbox 407 463 585 518; x_wconf 73' lang='lat' dir='ltr'>CANONES</span> <span class='ocrx_word' id='word_1_3' title='bbox 606 464 737 518; x_wconf 67' lang='lat' dir='ltr'>Novas</span> <span class='ocrx_word' id='word_1_4' title='bbox 759 464 977 517; x_wconf 77' lang='lat' dir='ltr'>ECCLESIAE.</span> 
     </span>
    </p>
   </div>
   <div class='ocr_carea' id='block_1_2' title="bbox 194 633 1236 1098">
    <p class='ocr_par' dir='ltr' id='par_1_2' title="bbox 197 633 1236 813">
     <span class='ocr_line' id='line_1_2' title="bbox 197 633 1236 720; baseline 0.002 -22"><span class='ocrx_word' id='word_1_5' title='bbox 197 649 226 717; x_wconf 93' lang='lat'>7.</span> <span class='ocrx_word' id='word_1_6' title='bbox 259 633 361 719; x_wconf 83' lang='lat' dir='ltr'>Quod</span> <span class='ocrx_word' id='word_1_7' title='bbox 384 634 551 699; x_wconf 88' lang='lat' dir='ltr'>Dominus</span> <span class='ocrx_word' id='word_1_8' title='bbox 574 655 643 700; x_wconf 92' lang='lat' dir='ltr'>non</span> <span class='ocrx_word' id='word_1_9' title='bbox 666 637 815 720; x_wconf 89' lang='lat' dir='ltr'>potuerit</span> <span class='ocrx_word' id='word_1_10' title='bbox 837 637 938 701; x_wconf 90' lang='lat' dir='ltr'>aliter</span> <span class='ocrx_word' id='word_1_11' title='bbox 959 634 1032 701; x_wconf 84' lang='lat' dir='ltr'>fieri</span> <span class='ocrx_word' id='word_1_12' title='bbox 1053 635 1189 719; x_wconf 84' lang='lat' dir='ltr'>Justitia</span> <span class='ocrx_word' id='word_1_13' title='bbox 1207 646 1236 701; x_wconf 88' lang='lat' dir='ltr'>et</span> 
     </span>
     <span class='ocr_line' id='line_1_3' title="bbox 344 730 562 813; baseline 0.005 -20"><span class='ocrx_word' id='word_1_14' title='bbox 344 730 562 813; x_wconf 83' lang='lat' dir='ltr'><strong>Redemptio.</strong></span> 
     </span>
    </p>

    <p class='ocr_par' dir='ltr' id='par_1_3' title="bbox 197 820 1236 982">
     <span class='ocr_line' id='line_1_4' title="bbox 197 820 1236 908; baseline 0 -20"><span class='ocrx_word' id='word_1_15' title='bbox 197 825 226 888; x_wconf 89' lang='lat'>8.</span> <span class='ocrx_word' id='word_1_16' title='bbox 257 820 359 906; x_wconf 89' lang='lat' dir='ltr'>Quod</span> <span class='ocrx_word' id='word_1_17' title='bbox 390 824 499 888; x_wconf 90' lang='lat' dir='ltr'>simile</span> <span class='ocrx_word' id='word_1_18' title='bbox 528 823 589 889; x_wconf 87' lang='lat' dir='ltr'>fiat</span> <span class='ocrx_word' id='word_1_19' title='bbox 618 844 695 889; x_wconf 89' lang='lat' dir='ltr'>cum</span> <span class='ocrx_word' id='word_1_20' title='bbox 725 825 863 891; x_wconf 89' lang='lat' dir='ltr'>homine</span> <span class='ocrx_word' id='word_1_21' title='bbox 892 826 949 908; x_wconf 91' lang='lat' dir='ltr'>qui</span> <span class='ocrx_word' id='word_1_22' title='bbox 978 836 1236 908; x_wconf 87' lang='lat' dir='ltr'>regeneratura</span> 
     </span>
     <span class='ocr_line' id='line_1_5' title="bbox 345 917 505 982; baseline 0.006 -1"><span class='ocrx_word' id='word_1_23' title='bbox 345 917 505 982; x_wconf 91' lang='lat' dir='ltr'>Domino.</span> 
     </span>
    </p>

    <p class='ocr_par' dir='ltr' id='par_1_4' title="bbox 194 1012 1184 1098">
     <span class='ocr_line' id='line_1_6' title="bbox 194 1012 1184 1098; baseline 0.003 -22"><span class='ocrx_word' id='word_1_24' title='bbox 194 1030 224 1094; x_wconf 88' lang='lat'>9.</span> <span class='ocrx_word' id='word_1_25' title='bbox 260 1012 336 1077; x_wconf 90' lang='lat' dir='ltr'>Hoc</span> <span class='ocrx_word' id='word_1_26' title='bbox 353 1013 397 1076; x_wconf 92' lang='lat' dir='ltr'>ab</span> <span class='ocrx_word' id='word_1_27' title='bbox 414 1014 638 1097; x_wconf 85' lang='lat' dir='ltr'>experientia,</span> <span class='ocrx_word' id='word_1_28' title='bbox 657 1014 801 1090; x_wconf 91' lang='lat' dir='ltr'>ratione,</span> <span class='ocrx_word' id='word_1_29' title='bbox 818 1023 854 1078; x_wconf 92' lang='lat' dir='ltr'>et</span> <span class='ocrx_word' id='word_1_30' title='bbox 877 1012 1052 1098; x_wconf 83' lang='lat' dir='ltr'>Scriptura</span> <span class='ocrx_word' id='word_1_31' title='bbox 1069 1013 1184 1080; x_wconf 83' lang='lat' dir='ltr'>Sacra.</span> 
     </span>
    </p>
   </div>
   <div class='ocr_carea' id='block_1_3' title="bbox 482 1398 923 1466">
    <p class='ocr_par' dir='ltr' id='par_1_5' title="bbox 482 1398 923 1466">
     <span class='ocr_line' id='line_1_7' title="bbox 482 1398 923 1466; baseline -0.002 0"><span class='ocrx_word' id='word_1_32' title='bbox 482 1399 641 1466; x_wconf 86' lang='lat' dir='ltr'><strong>CAPUT</strong></span> <span class='ocrx_word' id='word_1_33' title='bbox 664 1398 923 1466; x_wconf 88' lang='lat' dir='ltr'>SEPTIMUM.</span> 
     </span>
    </p>
   </div>
   <div class='ocr_carea' id='block_1_4' title="bbox 132 1583 1246 2028">
    <p class='ocr_par' dir='ltr' id='par_1_6' title="bbox 132 1583 1246 2028">
     <span class='ocr_line' id='line_1_8' title="bbox 132 1583 1243 1669; baseline 0.001 -18"><span class='ocrx_word' id='word_1_34' title='bbox 132 1583 245 1669; x_wconf 84' lang='lat' dir='ltr'>Qvoo</span> <span class='ocrx_word' id='word_1_35' title='bbox 278 1586 457 1652; x_wconf 82' lang='lat' dir='ltr'>Donmus</span> <span class='ocrx_word' id='word_1_36' title='bbox 494 1600 679 1652; x_wconf 76' lang='lat' dir='ltr'>umvenm</span> <span class='ocrx_word' id='word_1_37' title='bbox 716 1586 889 1652; x_wconf 80' lang='lat' dir='ltr'>Drvmuu</span> <span class='ocrx_word' id='word_1_38' title='bbox 926 1586 1070 1652; x_wconf 74' lang='lat' dir='ltr'>Vanum</span> <span class='ocrx_word' id='word_1_39' title='bbox 1108 1587 1243 1652; x_wconf 82' lang='lat' dir='ltr'>D1v1no</span> 
     </span>
     <span class='ocr_line' id='line_1_9' title="bbox 261 1680 1245 1758; baseline 0.003 -14"><span class='ocrx_word' id='word_1_40' title='bbox 261 1680 371 1746; x_wconf 84' lang='lat' dir='ltr'>Bono</span> <span class='ocrx_word' id='word_1_41' title='bbox 402 1693 451 1745; x_wconf 78' lang='lat' dir='ltr'>nc</span> <span class='ocrx_word' id='word_1_42' title='bbox 484 1681 658 1746; x_wconf 81' lang='lat' dir='ltr'>D1v1nun</span> <span class='ocrx_word' id='word_1_43' title='bbox 688 1680 828 1746; x_wconf 74' lang='lat' dir='ltr'>Bonum</span> <span class='ocrx_word' id='word_1_44' title='bbox 857 1681 1001 1745; x_wconf 81' lang='lat' dir='ltr'>Drvmo</span> <span class='ocrx_word' id='word_1_45' title='bbox 1030 1681 1157 1758; x_wconf 76' lang='lat' dir='ltr'>Veno,</span> <span class='ocrx_word' id='word_1_46' title='bbox 1186 1696 1245 1747; x_wconf 78' lang='lat' dir='ltr'>rm</span> 
     </span>
     <span class='ocr_line' id='line_1_10' title="bbox 260 1774 1246 1841; baseline 0 -2"><span class='ocrx_word' id='word_1_47' title='bbox 260 1775 464 1840; x_wconf 74' lang='lat' dir='ltr'>Humanum</span> <span class='ocrx_word' id='word_1_48' title='bbox 486 1789 566 1840; x_wconf 81' lang='lat' dir='ltr'>cun</span> <span class='ocrx_word' id='word_1_49' title='bbox 585 1775 728 1840; x_wconf 81' lang='lat' dir='ltr'>D1v1rvo</span> <span class='ocrx_word' id='word_1_50' title='bbox 751 1774 889 1839; x_wconf 75' lang='lat' dir='ltr'>Pnsms</span> <span class='ocrx_word' id='word_1_51' title='bbox 912 1788 961 1839; x_wconf 77' lang='lat' dir='ltr'>su</span> <span class='ocrx_word' id='word_1_52' title='bbox 984 1775 1160 1841; x_wconf 80' lang='lat' dir='ltr'>D1v1nutr</span> <span class='ocrx_word' id='word_1_53' title='bbox 1183 1776 1246 1840; x_wconf 76' lang='lat' dir='ltr'>Pn-</span> 
     </span>
     <span class='ocr_line' id='line_1_11' title="bbox 259 1867 1246 1945; baseline 0.001 -13"><span class='ocrx_word' id='word_1_54' title='bbox 259 1882 345 1933; x_wconf 79' lang='lat' dir='ltr'>mus</span> <span class='ocrx_word' id='word_1_55' title='bbox 363 1882 443 1934; x_wconf 83' lang='lat' dir='ltr'>cun</span> <span class='ocrx_word' id='word_1_56' title='bbox 463 1869 647 1943; x_wconf 76' lang='lat' dir='ltr'>Huunno,</span> <span class='ocrx_word' id='word_1_57' title='bbox 667 1867 1111 1945; x_wconf 76' lang='lat' dir='ltr'>eenTensns1onss,ss</span> <span class='ocrx_word' id='word_1_58' title='bbox 1130 1883 1246 1934; x_wconf 75' lang='lat' dir='ltr'>nunus</span> 
     </span>
     <span class='ocr_line' id='line_1_12' title="bbox 259 1962 734 2028; baseline -0.002 -1"><span class='ocrx_word' id='word_1_59' title='bbox 259 1976 330 2027; x_wconf 74' lang='lat' dir='ltr'>een</span> <span class='ocrx_word' id='word_1_60' title='bbox 349 1963 566 2028; x_wconf 77' lang='lat' dir='ltr'>Pnss1ousn</span> <span class='ocrx_word' id='word_1_61' title='bbox 585 1962 734 2028; x_wconf 74' lang='lat' dir='ltr'>Cenem.</span> 
     </span>
    </p>
   </div>
   <div class='ocr_carea' id='block_1_5' title="bbox 192 2134 1259 4202">
    <p class='ocr_par' dir='ltr' id='par_1_7' title="bbox 198 2134 1249 2502">
     <span class='ocr_line' id='line_1_13' title="bbox 198 2134 1246 2220; baseline 0.002 -20"><span class='ocrx_word' id='word_1_62' title='bbox 198 2152 224 2201; x_wconf 92' lang='lat'>1.</span> <span class='ocrx_word' id='word_1_63' title='bbox 255 2134 357 2220; x_wconf 86' lang='lat' dir='ltr'>Quod</span> <span class='ocrx_word' id='word_1_64' title='bbox 377 2136 544 2200; x_wconf 89' lang='lat' dir='ltr'>Dominus</span> <span class='ocrx_word' id='word_1_65' title='bbox 562 2136 595 2200; x_wconf 92' lang='lat' dir='ltr'>in</span> <span class='ocrx_word' id='word_1_66' title='bbox 615 2136 742 2200; x_wconf 92' lang='lat' dir='ltr'>mundo</span> <span class='ocrx_word' id='word_1_67' title='bbox 758 2138 971 2200; x_wconf 87' lang='lat' dir='ltr'>tentationes</span> <span class='ocrx_word' id='word_1_68' title='bbox 986 2156 1112 2218; x_wconf 88' lang='lat' dir='ltr'>graves</span> <span class='ocrx_word' id='word_1_69' title='bbox 1131 2146 1167 2202; x_wconf 90' lang='lat' dir='ltr'>et</span> <span class='ocrx_word' id='word_1_70' title='bbox 1186 2142 1246 2202; x_wconf 91' lang='lat' dir='ltr'>im·</span> 
     </span>
     <span class='ocr_line' id='line_1_14' title="bbox 342 2230 1249 2296; baseline 0.002 -2"><span class='ocrx_word' id='word_1_71' title='bbox 342 2250 461 2294; x_wconf 89' lang='lat' dir='ltr'>manes</span> <span class='ocrx_word' id='word_1_72' title='bbox 483 2231 528 2294; x_wconf 93' lang='lat' dir='ltr'>ab</span> <span class='ocrx_word' id='word_1_73' title='bbox 551 2230 688 2294; x_wconf 84' lang='lat' dir='ltr'>infernis</span> <span class='ocrx_word' id='word_1_74' title='bbox 714 2231 748 2294; x_wconf 93' lang='lat' dir='ltr'>in</span> <span class='ocrx_word' id='word_1_75' title='bbox 775 2230 819 2295; x_wconf 89' lang='lat' dir='ltr'>Se</span> <span class='ocrx_word' id='word_1_76' title='bbox 848 2231 1024 2295; x_wconf 88' lang='lat' dir='ltr'>admiserit</span> <span class='ocrx_word' id='word_1_77' title='bbox 1050 2241 1087 2296; x_wconf 91' lang='lat' dir='ltr'>et</span> <span class='ocrx_word' id='word_1_78' title='bbox 1115 2233 1249 2296; x_wconf 87' lang='lat' dir='ltr'>subive-</span> 
     </span>
     <span class='ocr_line' id='line_1_15' title="bbox 343 2324 1249 2410; baseline 0.003 -21"><span class='ocrx_word' id='word_1_79' title='bbox 343 2326 397 2401; x_wconf 86' lang='lat' dir='ltr'>rit,</span> <span class='ocrx_word' id='word_1_80' title='bbox 417 2335 453 2389; x_wconf 93' lang='lat' dir='ltr'>et</span> <span class='ocrx_word' id='word_1_81' title='bbox 477 2326 567 2408; x_wconf 91' lang='lat' dir='ltr'>quod</span> <span class='ocrx_word' id='word_1_82' title='bbox 586 2325 724 2389; x_wconf 93' lang='lat' dir='ltr'>demum</span> <span class='ocrx_word' id='word_1_83' title='bbox 744 2324 899 2389; x_wconf 88' lang='lat' dir='ltr'>ultimam</span> <span class='ocrx_word' id='word_1_84' title='bbox 917 2324 1063 2403; x_wconf 86' lang='lat' dir='ltr'>illarum,</span> <span class='ocrx_word' id='word_1_85' title='bbox 1083 2347 1172 2410; x_wconf 90' lang='lat' dir='ltr'>quae</span> <span class='ocrx_word' id='word_1_86' title='bbox 1191 2328 1249 2392; x_wconf 82' lang='lat' dir='ltr'>fuit</span> 
     </span>
     <span class='ocr_line' id='line_1_16' title="bbox 342 2420 592 2502; baseline 0 -20"><span class='ocrx_word' id='word_1_87' title='bbox 342 2421 456 2502; x_wconf 88' lang='lat' dir='ltr'>passio</span> <span class='ocrx_word' id='word_1_88' title='bbox 474 2420 592 2484; x_wconf 86' lang='lat' dir='ltr'>crucis.</span> 
     </span>
    </p>

    <p class='ocr_par' dir='ltr' id='par_1_8' title="bbox 194 2512 1249 2689">
     <span class='ocr_line' id='line_1_17' title="bbox 194 2512 1249 2597; baseline 0.003 -20"><span class='ocrx_word' id='word_1_89' title='bbox 194 2529 224 2577; x_wconf 82' lang='lat'>2.</span> <span class='ocrx_word' id='word_1_90' title='bbox 262 2512 364 2596; x_wconf 84' lang='lat' dir='ltr'>Quod</span> <span class='ocrx_word' id='word_1_91' title='bbox 395 2513 561 2577; x_wconf 90' lang='lat' dir='ltr'>Dominus</span> <span class='ocrx_word' id='word_1_92' title='bbox 592 2515 625 2576; x_wconf 91' lang='lat' dir='ltr'>in</span> <span class='ocrx_word' id='word_1_93' title='bbox 655 2514 906 2577; x_wconf 87' lang='lat' dir='ltr'>tentationibus</span> <span class='ocrx_word' id='word_1_94' title='bbox 936 2517 1142 2597; x_wconf 85' lang='lat' dir='ltr'>pugnaverit</span> <span class='ocrx_word' id='word_1_95' title='bbox 1175 2535 1249 2580; x_wconf 93' lang='lat' dir='ltr'>cum</span> 
     </span>
     <span class='ocr_line' id='line_1_18' title="bbox 342 2606 1081 2689; baseline 0.001 -19"><span class='ocrx_word' id='word_1_96' title='bbox 342 2606 490 2681; x_wconf 87' lang='lat' dir='ltr'>infernis,</span> <span class='ocrx_word' id='word_1_97' title='bbox 511 2627 550 2670; x_wconf 89' lang='lat' dir='ltr'>ac</span> <span class='ocrx_word' id='word_1_98' title='bbox 569 2607 629 2670; x_wconf 89' lang='lat' dir='ltr'>illa</span> <span class='ocrx_word' id='word_1_99' title='bbox 644 2608 764 2671; x_wconf 90' lang='lat' dir='ltr'>vicerit</span> <span class='ocrx_word' id='word_1_100' title='bbox 783 2618 818 2671; x_wconf 90' lang='lat' dir='ltr'>et</span> <span class='ocrx_word' id='word_1_101' title='bbox 838 2606 1081 2689; x_wconf 87' lang='lat' dir='ltr'>subjugaverit.</span> 
     </span>
    </p>

    <p class='ocr_par' dir='ltr' id='par_1_9' title="bbox 196 2699 1250 3048">
     <span class='ocr_line' id='line_1_19' title="bbox 196 2699 1250 2784; baseline 0.003 -20"><span class='ocrx_word' id='word_1_102' title='bbox 196 2717 224 2782; x_wconf 87' lang='lat'>3.</span> <span class='ocrx_word' id='word_1_103' title='bbox 257 2699 357 2783; x_wconf 88' lang='lat' dir='ltr'>Quod</span> <span class='ocrx_word' id='word_1_104' title='bbox 382 2702 492 2783; x_wconf 90' lang='lat' dir='ltr'>perid</span> <span class='ocrx_word' id='word_1_105' title='bbox 516 2701 645 2764; x_wconf 85' lang='lat' dir='ltr'>inferna</span> <span class='ocrx_word' id='word_1_106' title='bbox 664 2703 697 2764; x_wconf 90' lang='lat' dir='ltr'>in</span> <span class='ocrx_word' id='word_1_107' title='bbox 717 2701 870 2765; x_wconf 88' lang='lat' dir='ltr'>ordinem</span> <span class='ocrx_word' id='word_1_108' title='bbox 889 2702 1072 2784; x_wconf 84' lang='lat' dir='ltr'>redegerit,</span> <span class='ocrx_word' id='word_1_109' title='bbox 1092 2715 1128 2768; x_wconf 90' lang='lat' dir='ltr'>et</span> <span class='ocrx_word' id='word_1_110' title='bbox 1152 2703 1250 2768; x_wconf 89' lang='lat' dir='ltr'>simul</span> 
     </span>
     <span class='ocr_line' id='line_1_20' title="bbox 342 2795 1250 2877; baseline 0.004 -18"><span class='ocrx_word' id='word_1_111' title='bbox 342 2807 424 2859; x_wconf 90' lang='lat' dir='ltr'>tunc</span> <span class='ocrx_word' id='word_1_112' title='bbox 448 2795 563 2858; x_wconf 90' lang='lat' dir='ltr'>caelos</span> <span class='ocrx_word' id='word_1_113' title='bbox 587 2796 641 2858; x_wconf 93' lang='lat' dir='ltr'>ubi</span> <span class='ocrx_word' id='word_1_114' title='bbox 665 2796 791 2877; x_wconf 87' lang='lat' dir='ltr'>angeli,</span> <span class='ocrx_word' id='word_1_115' title='bbox 811 2806 847 2859; x_wconf 90' lang='lat' dir='ltr'>et</span> <span class='ocrx_word' id='word_1_116' title='bbox 865 2795 1047 2860; x_wconf 89' lang='lat' dir='ltr'>ecclesiam</span> <span class='ocrx_word' id='word_1_117' title='bbox 1064 2798 1121 2862; x_wconf 93' lang='lat' dir='ltr'>ubi</span> <span class='ocrx_word' id='word_1_118' title='bbox 1141 2798 1250 2863; x_wconf 94' lang='lat' dir='ltr'>homi·</span> 
     </span>
     <span class='ocr_line' id='line_1_21' title="bbox 343 2891 1250 2976; baseline 0.006 -23"><span class='ocrx_word' id='word_1_119' title='bbox 343 2911 422 2966; x_wconf 89' lang='lat' dir='ltr'>nes;</span> <span class='ocrx_word' id='word_1_120' title='bbox 453 2891 612 2972; x_wconf 90' lang='lat' dir='ltr'>quoniam</span> <span class='ocrx_word' id='word_1_121' title='bbox 636 2892 733 2953; x_wconf 89' lang='lat' dir='ltr'>unius</span> <span class='ocrx_word' id='word_1_122' title='bbox 757 2901 869 2955; x_wconf 87' lang='lat' dir='ltr'>status</span> <span class='ocrx_word' id='word_1_123' title='bbox 891 2891 935 2954; x_wconf 89' lang='lat' dir='ltr'>ab</span> <span class='ocrx_word' id='word_1_124' title='bbox 957 2891 1098 2955; x_wconf 91' lang='lat' dir='ltr'>alterius</span> <span class='ocrx_word' id='word_1_125' title='bbox 1121 2895 1250 2976; x_wconf 91' lang='lat' dir='ltr'>pendet</span> 
     </span>
     <span class='ocr_line' id='line_1_22' title="bbox 341 2985 569 3048; baseline 0.004 -1"><span class='ocrx_word' id='word_1_126' title='bbox 341 2985 569 3048; x_wconf 86' lang='lat' dir='ltr'>continenter.</span> 
     </span>
    </p>

    <p class='ocr_par' dir='ltr' id='par_1_10' title="bbox 192 3078 1254 3446">
     <span class='ocr_line' id='line_1_23' title="bbox 192 3078 1252 3164; baseline 0.006 -23"><span class='ocrx_word' id='word_1_127' title='bbox 192 3097 223 3159; x_wconf 78' lang='lat'>4</span> <span class='ocrx_word' id='word_1_128' title='bbox 255 3078 356 3161; x_wconf 86' lang='lat' dir='ltr'>Quod</span> <span class='ocrx_word' id='word_1_129' title='bbox 384 3079 551 3141; x_wconf 92' lang='lat' dir='ltr'>Dominus</span> <span class='ocrx_word' id='word_1_130' title='bbox 574 3079 679 3142; x_wconf 89' lang='lat' dir='ltr'>etiam</span> <span class='ocrx_word' id='word_1_131' title='bbox 707 3099 767 3161; x_wconf 89' lang='lat' dir='ltr'>per</span> <span class='ocrx_word' id='word_1_132' title='bbox 789 3081 1002 3143; x_wconf 89' lang='lat' dir='ltr'>tentationes</span> <span class='ocrx_word' id='word_1_133' title='bbox 1025 3091 1060 3144; x_wconf 90' lang='lat' dir='ltr'>et</span> <span class='ocrx_word' id='word_1_134' title='bbox 1089 3085 1252 3164; x_wconf 84' lang='lat' dir='ltr'>reproba·</span> 
     </span>
     <span class='ocr_line' id='line_1_24' title="bbox 342 3173 1252 3263; baseline 0.008 -27"><span class='ocrx_word' id='word_1_135' title='bbox 342 3175 465 3248; x_wconf 89' lang='lat' dir='ltr'>tiones,</span> <span class='ocrx_word' id='word_1_136' title='bbox 486 3183 521 3236; x_wconf 90' lang='lat' dir='ltr'>et</span> <span class='ocrx_word' id='word_1_137' title='bbox 541 3173 663 3237; x_wconf 86' lang='lat' dir='ltr'>ultimo</span> <span class='ocrx_word' id='word_1_138' title='bbox 682 3195 741 3256; x_wconf 90' lang='lat' dir='ltr'>per</span> <span class='ocrx_word' id='word_1_139' title='bbox 759 3177 952 3257; x_wconf 91' lang='lat' dir='ltr'>passionem</span> <span class='ocrx_word' id='word_1_140' title='bbox 972 3178 1094 3252; x_wconf 69' lang='lat' dir='ltr'>crucis</span> <span class='ocrx_word' id='word_1_141' title='bbox 1114 3200 1252 3263; x_wconf 86' lang='lat' dir='ltr'>reprae-</span> 
     </span>
     <span class='ocr_line' id='line_1_25' title="bbox 341 3269 1254 3352; baseline 0.01 -22"><span class='ocrx_word' id='word_1_142' title='bbox 341 3269 529 3331; x_wconf 90' lang='lat' dir='ltr'>sentaverit</span> <span class='ocrx_word' id='word_1_143' title='bbox 561 3278 691 3331; x_wconf 90' lang='lat' dir='ltr'>statum</span> <span class='ocrx_word' id='word_1_144' title='bbox 723 3269 899 3345; x_wconf 88' lang='lat' dir='ltr'>ecclesiae,</span> <span class='ocrx_word' id='word_1_145' title='bbox 932 3271 1041 3352; x_wconf 89' lang='lat' dir='ltr'>qualis</span> <span class='ocrx_word' id='word_1_146' title='bbox 1076 3282 1160 3336; x_wconf 91' lang='lat' dir='ltr'>tunc</span> <span class='ocrx_word' id='word_1_147' title='bbox 1193 3275 1254 3339; x_wconf 84' lang='lat' dir='ltr'>suit</span> 
     </span>
     <span class='ocr_line' id='line_1_26' title="bbox 341 3361 1176 3446; baseline 0.006 -21"><span class='ocrx_word' id='word_1_148' title='bbox 341 3363 454 3444; x_wconf 88' lang='lat' dir='ltr'>quoad</span> <span class='ocrx_word' id='word_1_149' title='bbox 475 3362 635 3425; x_wconf 92' lang='lat' dir='ltr'>Divinum</span> <span class='ocrx_word' id='word_1_150' title='bbox 652 3361 793 3437; x_wconf 90' lang='lat' dir='ltr'>Verum,</span> <span class='ocrx_word' id='word_1_151' title='bbox 810 3365 859 3427; x_wconf 89' lang='lat' dir='ltr'>ita</span> <span class='ocrx_word' id='word_1_152' title='bbox 878 3365 990 3446; x_wconf 88' lang='lat' dir='ltr'>quoad</span> <span class='ocrx_word' id='word_1_153' title='bbox 1008 3364 1176 3431; x_wconf 88' lang='lat' dir='ltr'>Verbum.</span> 
     </span>
    </p>

    <p class='ocr_par' dir='ltr' id='par_1_11' title="bbox 195 3455 1257 3728">
     <span class='ocr_line' id='line_1_27' title="bbox 195 3455 1256 3543; baseline 0.008 -23"><span class='ocrx_word' id='word_1_154' title='bbox 195 3470 223 3540; x_wconf 77' lang='grc' dir='ltr'>ς.</span> <span class='ocrx_word' id='word_1_155' title='bbox 256 3455 357 3539; x_wconf 88' lang='lat' dir='ltr'>Quod</span> <span class='ocrx_word' id='word_1_156' title='bbox 377 3457 544 3520; x_wconf 94' lang='lat' dir='ltr'>Dominus</span> <span class='ocrx_word' id='word_1_157' title='bbox 563 3477 623 3539; x_wconf 90' lang='lat' dir='ltr'>per</span> <span class='ocrx_word' id='word_1_158' title='bbox 640 3455 876 3539; x_wconf 86' lang='lat' dir='ltr'>impletionem</span> <span class='ocrx_word' id='word_1_159' title='bbox 896 3457 1013 3533; x_wconf 88' lang='lat' dir='ltr'>Verbi,</span> <span class='ocrx_word' id='word_1_160' title='bbox 1034 3470 1069 3524; x_wconf 92' lang='lat' dir='ltr'>et</span> <span class='ocrx_word' id='word_1_161' title='bbox 1094 3481 1156 3543; x_wconf 86' lang='lat' dir='ltr'>per</span> <span class='ocrx_word' id='word_1_162' title='bbox 1176 3473 1256 3527; x_wconf 90' lang='lat' dir='ltr'>ten-</span> 
     </span>
     <span class='ocr_line' id='line_1_28' title="bbox 341 3551 1257 3638; baseline 0.01 -23"><span class='ocrx_word' id='word_1_163' title='bbox 341 3553 503 3625; x_wconf 88' lang='lat' dir='ltr'>tationes,</span> <span class='ocrx_word' id='word_1_164' title='bbox 517 3561 552 3614; x_wconf 91' lang='lat' dir='ltr'>et</span> <span class='ocrx_word' id='word_1_165' title='bbox 569 3551 671 3633; x_wconf 91' lang='lat' dir='ltr'>plene</span> <span class='ocrx_word' id='word_1_166' title='bbox 686 3571 745 3632; x_wconf 93' lang='lat' dir='ltr'>per</span> <span class='ocrx_word' id='word_1_167' title='bbox 761 3551 894 3615; x_wconf 88' lang='lat' dir='ltr'>illarum</span> <span class='ocrx_word' id='word_1_168' title='bbox 911 3551 1067 3615; x_wconf 89' lang='lat' dir='ltr'>ultimam</span> <span class='ocrx_word' id='word_1_169' title='bbox 1085 3575 1176 3638; x_wconf 87' lang='lat' dir='ltr'>quae</span> <span class='ocrx_word' id='word_1_170' title='bbox 1193 3558 1257 3624; x_wconf 90' lang='lat' dir='ltr'>suit</span> 
     </span>
     <span class='ocr_line' id='line_1_29' title="bbox 341 3644 1113 3728; baseline 0.004 -20"><span class='ocrx_word' id='word_1_171' title='bbox 341 3648 455 3728; x_wconf 90' lang='lat' dir='ltr'>passio</span> <span class='ocrx_word' id='word_1_172' title='bbox 474 3647 592 3721; x_wconf 88' lang='lat' dir='ltr'>crucis,</span> <span class='ocrx_word' id='word_1_173' title='bbox 609 3644 850 3728; x_wconf 88' lang='lat' dir='ltr'>glorificaverit</span> <span class='ocrx_word' id='word_1_174' title='bbox 870 3646 1079 3711; x_wconf 90' lang='lat' dir='ltr'>Humanum.</span> <span class='ocrx_word' id='word_1_175' title='bbox 1109 3658 1113 3665; x_wconf 88' lang='lat'>&#39;</span> 
     </span>
    </p>

    <p class='ocr_par' dir='ltr' id='par_1_12' title="bbox 192 3737 1259 4014">
     <span class='ocr_line' id='line_1_30' title="bbox 192 3737 1259 3829; baseline 0.004 -22"><span class='ocrx_word' id='word_1_176' title='bbox 192 3737 223 3807; x_wconf 85' lang='lat'>6.</span> <span class='ocrx_word' id='word_1_177' title='bbox 254 3737 356 3826; x_wconf 85' lang='lat' dir='ltr'>Quod</span> <span class='ocrx_word' id='word_1_178' title='bbox 376 3742 423 3805; x_wconf 88' lang='lat' dir='ltr'>sic</span> <span class='ocrx_word' id='word_1_179' title='bbox 443 3741 617 3805; x_wconf 89' lang='lat' dir='ltr'>sustulerit</span> <span class='ocrx_word' id='word_1_180' title='bbox 634 3740 891 3804; x_wconf 90' lang='lat' dir='ltr'>damnationem</span> <span class='ocrx_word' id='word_1_181' title='bbox 907 3741 1150 3818; x_wconf 88' lang='lat' dir='ltr'>universalem,</span> <span class='ocrx_word' id='word_1_182' title='bbox 1168 3766 1259 3829; x_wconf 90' lang='lat' dir='ltr'>quae</span> 
     </span>
     <span class='ocr_line' id='line_1_31' title="bbox 341 3834 1258 3904; baseline 0.003 -4"><span class='ocrx_word' id='word_1_183' title='bbox 341 3857 409 3900; x_wconf 91' lang='lat' dir='ltr'>non</span> <span class='ocrx_word' id='word_1_184' title='bbox 434 3837 537 3899; x_wconf 94' lang='lat' dir='ltr'>modo</span> <span class='ocrx_word' id='word_1_185' title='bbox 560 3837 632 3899; x_wconf 91' lang='lat' dir='ltr'>orbi</span> <span class='ocrx_word' id='word_1_186' title='bbox 651 3834 847 3899; x_wconf 88' lang='lat' dir='ltr'>Christiano</span> <span class='ocrx_word' id='word_1_187' title='bbox 866 3836 926 3898; x_wconf 90' lang='lat' dir='ltr'>sed</span> <span class='ocrx_word' id='word_1_188' title='bbox 949 3837 1054 3899; x_wconf 90' lang='lat' dir='ltr'>etiam</span> <span class='ocrx_word' id='word_1_189' title='bbox 1078 3838 1155 3902; x_wconf 89' lang='lat' dir='ltr'>orbi</span> <span class='ocrx_word' id='word_1_190' title='bbox 1178 3842 1258 3904; x_wconf 90' lang='lat' dir='ltr'>uni·</span> 
     </span>
     <span class='ocr_line' id='line_1_32' title="bbox 339 3929 1185 4014; baseline 0 -18"><span class='ocrx_word' id='word_1_191' title='bbox 339 3951 439 3996; x_wconf 90' lang='lat' dir='ltr'>verso</span> <span class='ocrx_word' id='word_1_192' title='bbox 458 3941 493 3994; x_wconf 91' lang='lat' dir='ltr'>et</span> <span class='ocrx_word' id='word_1_193' title='bbox 510 3951 644 4014; x_wconf 92' lang='lat' dir='ltr'>quoque</span> <span class='ocrx_word' id='word_1_194' title='bbox 662 3929 759 3993; x_wconf 92' lang='lat' dir='ltr'>caelo</span> <span class='ocrx_word' id='word_1_195' title='bbox 777 3930 935 4012; x_wconf 87' lang='lat' dir='ltr'>angelico</span> <span class='ocrx_word' id='word_1_196' title='bbox 954 3931 1137 3995; x_wconf 93' lang='lat' dir='ltr'>imminuit.</span> <span class='ocrx_word' id='word_1_197' title='bbox 1182 3991 1185 3996; x_wconf 86' lang='lat'>.</span> 
     </span>
    </p>

    <p class='ocr_par' dir='ltr' id='par_1_13' title="bbox 194 4023 1259 4202">
     <span class='ocr_line' id='line_1_33' title="bbox 194 4023 1259 4107; baseline 0.005 -19"><span class='ocrx_word' id='word_1_198' title='bbox 194 4040 224 4107; x_wconf 90' lang='lat'>7.</span> <span class='ocrx_word' id='word_1_199' title='bbox 258 4023 361 4107; x_wconf 86' lang='lat' dir='ltr'>Quod</span> <span class='ocrx_word' id='word_1_200' title='bbox 391 4026 456 4091; x_wconf 86' lang='lat' dir='ltr'>hoc</span> <span class='ocrx_word' id='word_1_201' title='bbox 484 4025 699 4107; x_wconf 87' lang='lat' dir='ltr'>intelligatur</span> <span class='ocrx_word' id='word_1_202' title='bbox 725 4044 785 4106; x_wconf 90' lang='lat' dir='ltr'>per</span> <span class='ocrx_word' id='word_1_203' title='bbox 813 4025 932 4107; x_wconf 84' lang='lat' dir='ltr'>“quod</span> <span class='ocrx_word' id='word_1_204' title='bbox 960 4035 1106 4106; x_wconf 86' lang='lat' dir='ltr'>peccata</span> <span class='ocrx_word' id='word_1_205' title='bbox 1135 4030 1259 4093; x_wconf 92' lang='lat' dir='ltr'>mundi</span> 
     </span>
     <span class='ocr_line' id='line_1_34' title="bbox 342 4118 811 4202; baseline 0 -19"><span class='ocrx_word' id='word_1_206' title='bbox 342 4121 532 4202; x_wconf 88' lang='lat' dir='ltr'>portaverit</span> <span class='ocrx_word' id='word_1_207' title='bbox 552 4130 588 4183; x_wconf 90' lang='lat' dir='ltr'>et</span> <span class='ocrx_word' id='word_1_208' title='bbox 607 4118 811 4183; x_wconf 86' lang='lat' dir='ltr'>sustulerit.”</span> 
     </span>
    </p>
   </div>
   <div class='ocr_carea' id='block_1_6' title="bbox 193 4212 1258 4486">
    <p class='ocr_par' dir='ltr' id='par_1_14' title="bbox 193 4212 1258 4486">
     <span class='ocr_line' id='line_1_35' title="bbox 193 4212 1256 4298; baseline 0.002 -19"><span class='ocrx_word' id='word_1_209' title='bbox 193 4216 222 4279; x_wconf 89' lang='lat'>8.</span> <span class='ocrx_word' id='word_1_210' title='bbox 258 4213 358 4298; x_wconf 87' lang='lat' dir='ltr'>Quod</span> <span class='ocrx_word' id='word_1_211' title='bbox 390 4215 603 4278; x_wconf 90' lang='lat' dir='ltr'>tentationes</span> <span class='ocrx_word' id='word_1_212' title='bbox 630 4224 665 4276; x_wconf 90' lang='lat' dir='ltr'>et</span> <span class='ocrx_word' id='word_1_213' title='bbox 691 4213 950 4295; x_wconf 88' lang='lat' dir='ltr'>reprobationes</span> <span class='ocrx_word' id='word_1_214' title='bbox 976 4212 1142 4278; x_wconf 91' lang='lat' dir='ltr'>subiverit</span> <span class='ocrx_word' id='word_1_215' title='bbox 1171 4216 1256 4281; x_wconf 91' lang='lat' dir='ltr'>dum</span> 
     </span>
     <span class='ocr_line' id='line_1_36' title="bbox 339 4307 1258 4390; baseline 0.001 -18"><span class='ocrx_word' id='word_1_216' title='bbox 339 4308 399 4372; x_wconf 86' lang='lat' dir='ltr'>suit</span> <span class='ocrx_word' id='word_1_217' title='bbox 414 4309 448 4372; x_wconf 91' lang='lat' dir='ltr'>in</span> <span class='ocrx_word' id='word_1_218' title='bbox 467 4317 561 4372; x_wconf 88' lang='lat' dir='ltr'>statu</span> <span class='ocrx_word' id='word_1_219' title='bbox 573 4309 644 4371; x_wconf 90' lang='lat' dir='ltr'>veri</span> <span class='ocrx_word' id='word_1_220' title='bbox 663 4326 826 4385; x_wconf 88' lang='lat' dir='ltr'>seorsum,</span> <span class='ocrx_word' id='word_1_221' title='bbox 843 4308 899 4390; x_wconf 92' lang='lat' dir='ltr'>qui</span> <span class='ocrx_word' id='word_1_222' title='bbox 918 4307 979 4371; x_wconf 85' lang='lat' dir='ltr'>suit</span> <span class='ocrx_word' id='word_1_223' title='bbox 998 4317 1111 4370; x_wconf 89' lang='lat' dir='ltr'>status</span> <span class='ocrx_word' id='word_1_224' title='bbox 1129 4311 1258 4374; x_wconf 87' lang='lat' dir='ltr'>exina-</span> 
     </span>
     <span class='ocr_line' id='line_1_37' title="bbox 339 4401 613 4486; baseline 0 -20"><span class='ocrx_word' id='word_1_225' title='bbox 339 4402 478 4467; x_wconf 91' lang='lat' dir='ltr'>nitionis</span> <span class='ocrx_word' id='word_1_226' title='bbox 494 4401 613 4486; x_wconf 91' lang='lat' dir='ltr'>Ipsius.</span> 
     </span>
    </p>
   </div>
   <div class='ocr_carea' id='block_1_7' title="bbox 0 0 1392 5040">
    <p class='ocr_par' dir='ltr' id='par_1_15' title="bbox 0 0 1392 5040">
     <span class='ocr_line' id='line_1_38' title="bbox 0 0 1392 5040; baseline 0 0"><span class='ocrx_word' id='word_1_227' title='bbox 0 0 1392 5040; x_wconf 95' lang='lat' dir='ltr'> </span> 
     </span>
    </p>
   </div>
  </div>
 </body>
</html>
