2776 5040
238 419 278 497 38
708 429 897 481 corrosus:

236 599 339 662 clesia
351 600 383 662 in
394 599 510 663 Verbo
523 599 696 663 multoties
707 599 904 662 describitur
914 618 973 680 per
985 597 1185 674 “hortum‘'
1195 597 1335 682 “agnm'

236 705 271 757 et
300 694 416 757 “ovile
428 694 453 771 ;”
488 715 546 778 per
572 694 758 757 “hortum”
783 715 827 756 ex
851 694 1037 768 arboribus,
1065 705 1104 759 ut
1133 691 1336 778 supradittum

118 784 123 794 '
236 797 308 865 est;
333 808 391 870 per
405 793 549 869 “agrum
558 788 574 812 ”
589 808 634 851 ex
651 798 817 870 proventu
833 787 912 867 ejus,
926 808 971 850 ex
985 808 1053 870 quo
1071 787 1182 852 homo
1199 790 1337 862 nutritum

236 902 295 963 per
312 888 331 914 ‘⁴
343 882 431 945 ovile
441 882 455 907 ’¹
471 903 514 946 ex
532 883 659 957 ovibus,
677 903 735 964 per
751 901 832 963 quas
851 881 967 944 fideles
983 902 1023 945 ac
1041 882 1149 946 utiles
1165 883 1338 965 intelligun-

236 986 300 1039 tur.

300 1067 369 1132 28·
400 1067 438 1130 In
462 1069 534 1150 ipso
557 1090 658 1151 opere
685 1069 771 1134 Vera
796 1068 995 1134 Christiana
1015 1070 1154 1152 Religvb
1178 1073 1341 1142 nominata

236 1173 411 1225 ostensum
425 1175 476 1226 est
490 1166 579 1246 quod
597 1166 629 1226 in
646 1165 747 1228 horto
761 1165 887 1228 Edenis
900 1167 1032 1248 positae
1046 1163 1150 1248 [sint]
1167 1167 1256 1230 duae
1266 1166 1343 1229 arbo·

236 1277 299 1331 res,
315 1277 381 1319 una
394 1263 413 1289 “
422 1259 541 1332 vitae,”
553 1269 587 1322 et
601 1258 709 1321 altera
722 1261 912 1323 “scientiae
926 1260 1005 1322 boni
1018 1270 1053 1323 et
1067 1260 1186 1336 mali‚’'
1199 1258 1344 1343 significet

235 1353 325 1434 quod
352 1353 479 1416 homini
502 1354 641 1416 liberum
665 1354 838 1416 arbitrium
861 1353 895 1415 in
918 1353 1151 1434 spiritualibus
1176 1356 1292 1419 datum
1310 1356 1341 1416 sit

238 1445 284 1524 (n.
300 1446 482 1529 466-469):
513 1448 631 1529 quibus
654 1446 852 1527 adjicientur
873 1445 968 1519 haec,
988 1447 1080 1528 quod
1105 1448 1217 1513 homo
1236 1450 1342 1532 absque

235 1538 294 1602 illo
313 1539 417 1604 libero
435 1542 572 1604 arbitrio
591 1561 659 1604 non
675 1541 760 1603 soret
783 1540 896 1613 homo,
916 1539 976 1602 sed
999 1541 1105 1604 modo
1130 1552 1237 1625 typus
1259 1554 1291 1607 et
1309 1543 1342 1604 si·

235 1635 439 1712 mulacrum;
462 1635 548 1698 soret
568 1636 656 1697 enim
677 1636 841 1716 cogitatio
859 1633 928 1714 ejus
947 1635 1074 1716 absque
1094 1637 1295 1712 reflexione,
1307 1638 1344 1699 ita

235 1728 361 1811 absque
373 1728 517 1809 judicio;
541 1738 576 1791 et
593 1730 639 1791 sic
656 1730 689 1791 in
705 1730 803 1791 rebus
820 1728 959 1800 Divinis,
973 1747 1059 1809 quae
1073 1728 1258 1795 Ecclesiae
1269 1740 1344 1801 sunt,

235 1842 302 1884 non
330 1821 404 1904 plus
430 1822 598 1885 versatilis
624 1842 723 1905 quam
751 1832 804 1885 est
827 1821 927 1902 janua
953 1822 1079 1903 absque
1107 1826 1279 1900 cardine?²
1298 1833 1344 1888 aut

235 1937 310 1979 cum
327 1917 462 1979 cardine
478 1916 573 1979 obice
589 1916 767 1997 chalybeio
789 1913 1016 1997 praestruaa;
1039 1935 1079 1979 ac
1096 1918 1263 1982 voluntas
1280 1920 1344 1982 abs·

235 2031 298 2093 que
320 2012 612 2084 determinatione,
632 2012 679 2073 ita
702 2030 770 2072 non
793 2011 866 2093 plus
889 2007 998 2073 ac'tiva
1021 2010 1064 2072 ad
1084 2010 1218 2092 justum
1237 2013 1291 2076 vel
1310 2011 1345 2076 ad

234 2105 391 2185 injustum
411 2124 512 2186 quam
534 2124 655 2167 saxum
675 2124 774 2186 super
797 2104 927 2167 tumulo
945 2104 1007 2166 sub
1029 2125 1097 2186 quo
1116 2105 1214 2185 jacet
1238 2125 1346 2190 corpus

233 2199 389 2261 inanime.
435 2196 535 2278 Quod
548 2199 618 2261 vita
632 2197 778 2261 hominis
794 2208 870 2280 post
887 2208 1042 2271 mortem,
1057 2219 1096 2261 ac
1114 2200 1346 2265 immortalitas

235 2294 365 2355 animae
378 2290 457 2371 ejus,
471 2293 513 2353 sit
526 2312 570 2354 ex
584 2291 675 2354 dono
688 2291 780 2354 liberi
797 2292 890 2354 istius
903 2291 1039 2363 arbitrii,
1053 2302 1088 2354 et
1102 2295 1197 2375 quod
1211 2302 1231 2327 “
1240 2294 1345 2358 simili·

235 2387 318 2449 tudo
338 2385 424 2447 Dei”
439 2386 482 2447 sit
499 2385 590 2458 illud,
608 2387 640 2447 in
660 2387 732 2466 ipso
751 2406 862 2467 opere,
879 2396 915 2448 ut
935 2395 969 2448 et
988 2405 1099 2467 supra,
1116 2386 1346 2452 confirmatum

234 2490 296 2543 est.
343 2480 452 2541 Immo
479 2480 591 2551 homo,
616 2480 681 2541 hoc
709 2490 773 2552 est,
798 2499 893 2541 mens
920 2479 999 2559 ejus,
1024 2480 1154 2562 absque
1182 2482 1242 2546 illo
1268 2483 1344 2545 foret

235 2577 319 2636 sicut
344 2574 495 2654 spongia,
520 2594 605 2654 quae
629 2593 749 2654 aquam
774 2573 866 2653 large
889 2574 1030 2647 imbibit,
1055 2575 1115 2635 sed
1143 2595 1214 2637 non
1238 2586 1344 2658 potest

234 2668 325 2729 illam
346 2687 526 2741 evacuare;
556 2668 643 2727 unde
663 2677 802 2748 utraque
821 2666 1001 2739 obsoleret,
1021 2688 1109 2749 aqua
1130 2669 1163 2730 in
1184 2681 1344 2750 putorem,

235 2772 270 2824 et
294 2762 436 2842 spongia
459 2761 491 2821 in
515 2779 657 2821 mucum.
704 2761 845 2822 Proinde
870 2760 1023 2822 Ecclesia
1046 2763 1136 2842 apud
1164 2763 1260 2826 illum
1284 2783 1344 2826 non

233 2855 319 2917 soret
347 2853 519 2929 Ecclesia;
555 2864 588 2916 et
616 2855 661 2915 sic
690 2853 864 2935 templum,
889 2856 921 2915 in
948 2875 1014 2935 quo
1040 2857 1217 2935 peragitur
1242 2857 1345 2920 cultus

236 2949 308 3021 Dei,
326 2949 410 3010 soret
427 2949 512 3009 sicut
529 2947 670 3009 lustrum
687 2948 857 3027 cujusdam
874 2948 962 3010 serae
980 2949 1041 3009 sub
1058 2951 1172 3012 radice
1189 2971 1344 3032 procerae

234 3043 371 3113 arboris,
392 3062 478 3122 quae
497 3042 606 3103 vibrat
630 3061 665 3103 se
688 3061 786 3122 super
809 3052 909 3122 caput
933 3042 1011 3121 ejus,
1032 3053 1167 3122 praeter
1190 3046 1281 3126 quod
1303 3066 1343 3107 ex

234 3136 291 3198 illa
322 3136 427 3216 possit
454 3154 584 3196 sumere
608 3136 796 3216 quicquam,
824 3145 858 3197 et
889 3136 1057 3216 applicare
1085 3138 1147 3198 sibi
1177 3139 1222 3199 ad
1250 3139 1343 3201 alium

235 3250 328 3291 usum
348 3248 447 3310 quam
468 3238 504 3290 ut
523 3230 584 3289 sub
602 3228 659 3290 illa
678 3230 710 3289 in
731 3227 911 3310 tranquillo
930 3230 1039 3290 cubet.
1086 3229 1229 3312 Insuper
1247 3232 1344 3296 homo

234 3325 360 3404 absque
381 3323 485 3384 libero
504 3323 642 3384 arbitrio
666 3325 698 3384 in
722 3322 948 3403 spiritualibus
967 3323 1052 3385 foret
1077 3323 1152 3405 plus
1172 3346 1292 3389 caecus
1313 3329 1342 3389 in

234 3418 388 3481 omnibus
405 3427 440 3479 et
453 3416 591 3497 singulis
608 3416 781 3478 Ecclesiae
798 3437 897 3497 quam
913 3418 983 3479 avis
1000 3415 1109 3478 nodbis
1122 3419 1155 3480 in
1173 3418 1249 3483 luce
1264 3423 1343 3497 diei;

233 3522 268 3574 at
292 3511 366 3593 plus
390 3512 506 3573 videns
530 3530 629 3591 quam
653 3510 710 3571 illa
733 3511 802 3571 avis
826 3520 889 3583 est,
909 3511 942 3572 in
966 3511 1113 3572 tenebris
1138 3510 1269 3576 noetis:
1304 3516 1342 3578 ad

233 3626 312 3667 vera
331 3606 419 3666 enim
438 3604 513 3666 fidei
533 3605 698 3685 palpebris
718 3602 910 3666 occluderet
927 3604 1052 3673 oculos,
1070 3624 1109 3666 ac
1129 3610 1343 3671 contraheret

232 3700 338 3774 visum
362 3698 514 3775 illorum;
546 3708 582 3760 at
609 3719 689 3760 vero
715 3699 757 3758 ad
784 3697 866 3759 salsa
889 3697 964 3759 fidei
992 3697 1129 3761 tolleret
1157 3700 1343 3782 palpebras,

232 3794 375 3874 aperiret
392 3793 517 3865 oculos,
531 3802 566 3854 et
581 3792 737 3853 dilataret
752 3792 857 3852 visum
873 3791 1004 3853 illorum
1020 3793 1106 3854 sicut
1123 3795 1246 3875 aquila.
1290 3796 1343 3857 Li·

232 3887 347 3949 berum
367 3887 538 3947 arbitrium
558 3887 590 3947 in
610 3885 835 3967 spiritualibus
856 3887 932 3947 inde
951 3895 1014 3959 est,
1034 3886 1125 3967 quod
1149 3888 1255 3952 homo
1274 3909 1341 3952 am-

231 3980 324 4043 bulet
344 3989 377 4041 ct
397 3980 500 4041 vitam
520 3980 632 4041 trahat
656 3981 687 4040 in
711 3980 822 4041 medio
845 3980 932 4041 inter
950 3978 1079 4041 caelum
1103 3989 1138 4043 et
1162 3982 1343 4059 insernum;

231 4084 266 4137 et
293 4074 382 4154 quod
413 4073 542 4135 caelum
572 4074 605 4135 in
636 4072 727 4135 illum
755 4083 911 4155 operetur
937 4093 957 4134 a
983 4074 1154 4154 superiori,
1182 4075 1343 4139 infernum

231 4178 344 4230 autem
364 4168 406 4228 ab
425 4165 586 4242 inferiori3
616 4177 649 4230 et
674 4167 763 4248 quod
787 4168 881 4248 optio
899 4168 1127 4230 conversionis
1146 4169 1202 4232 vel
1225 4171 1269 4232 ad
1291 4191 1343 4233 su·

231 4261 361 4344 periora
379 4260 431 4322 vel
455 4260 498 4321 ad
521 4260 674 4323 inferiora
692 4260 818 4323 homini
836 4261 917 4323 data
935 4260 989 4334 sit,
1010 4261 1058 4323 ita
1079 4262 1135 4324 vel
1159 4264 1203 4325 ad
1227 4264 1342 4328 Domi·

230 4374 309 4417 num
328 4354 380 4416 vel
400 4354 443 4416 ad
463 4353 652 4417 Diabolum.
