2776 5040
225 496 292 548 Ecc
300 496 431 548 LESIAE
449 496 743 562 ANTIQUISSIMAE
761 498 1082 550 DECLINATme-N.
1099 500 1148 566 29.
1210 502 1250 566 39

198 678 268 743 29.
297 661 362 734 (rii.)
389 662 508 727 Tertius
520 669 623 728 statue
636 663 725 747 hujus
745 665 915 738 Ecclesiae,
931 666 985 748 qui
1001 671 1053 729 eei
1071 665 1137 747 q'ue
1151 666 1251 728 liceli-

130 758 218 821 nuir'o
232 762 266 819 ot
280 756 411 837 Vespera
425 762 458 818 ot
472 762 598 819 meatur·
613 757 755 830 ructatio,
768 759 965 821 describitur
977 760 1009 820 in
1025 759 1127 821 tertio
1140 759 1250 840 capite

132 853 304 927 Geneseos,
325 873 384 934 per
402 852 505 915 haec:

185 1003 204 1026 ⁴⁸
212 1000 327 1063 Serpens
340 997 426 1113 ladlpls
443 1009 484 1076 est
501 1008 604 1077 astutus
616 1013 679 1062 prae
691 1000 764 1049 omni
782 999 840 1076 iera
850 1001 906 1063 egri
919 1014 998 1064 quam
1011 998 1111 1078 lecerat
1125 999 1250 1078 Jehovah

267 1064 530 1179 liffzomeielli‘e
542 1065 851 1180 :laudabilem
869 1065 1251 1193 tiltlrltltlilt‘lr

267 1204 427 1271 serpentem,
444 1196 485 1271 De
502 1191 997 1323 irudluarborisflffiuortiJcomedemus;
1011 1193 1249 1272 tantumdelrudlu

266 1261 368 1309 arboris
386 1275 498 1336 quaem
516 1259 605 1308 medlo
624 1256 706 1337 [horu
733 1260 803 1337 diurn
822 1260 902 1337 lleus,
924 1259 984 1309 Non
1002 1261 1149 1309 comedetis
1166 1260 1200 1309 de
1217 1275 1250 1338 eo

266 1325 1251 1454 latit,illitatistellatur:ariditatibus,luunt}

266 1456 336 1504 oculi
348 1455 438 1511 vestri,
452 1464 478 1504 et
490 1454 563 1503 eritis
575 1454 643 1503 sicut
662 1454 743 1513 Deus,
758 1454 871 1504 scientes
883 1456 983 1503 bonum
993 1466 1020 1503 et
1032 1455 1141 1504 malum.
1177 1454 1251 1506 Vidit

266 1518 544 1633 im2⁰‘.¹¹¹¹¹¹l‘.¹'.q¹¹⁰d
555 1521 628 1567 bona
639 1520 719 1597 arbor
731 1519 757 1568 in
770 1519 867 1596 cibum,
881 1529 907 1568 et
919 1519 990 1583 quod
1002 1520 1153 1597 appetibilis
1166 1520 1250 1597 oculis

266 1599 296 1633 ac
323 1584 487 1633 esrderabrlrs
496 1584 530 1632 ad
539 1584 656 1633 dandum
667 1581 829 1633 intellectum
840 1598 846 1642 ;
858 1584 919 1633 ideo
928 1595 1042 1647 sumpsit
1051 1584 1084 1634 de
1094 1583 1181 1634 lrudlu
1191 1600 1250 1649 eJus

265 1659 292 1698 et
304 1649 434 1698 comedit:
453 1648 577 1711 deditque
589 1649 647 1697 viro
659 1663 708 1698 suo
720 1663 819 1707 secum,
833 1650 878 1713 qui
890 1650 1005 1700 comedit
1013 1649 1027 1669 ''
1039 1651 1120 1711 (vers.
1133 1651 1198 1713 1-6).

132 1803 237 1886 Quod
256 1803 437 1868 declinatio
458 1824 478 1865 a
500 1803 574 1867 luce
592 1805 624 1866 in
643 1805 795 1867 umbram
814 1825 983 1886 vesperae,
1003 1805 1067 1869 hoc
1087 1815 1150 1879 est,
1171 1826 1248 1888 pro·

132 1900 249 1980 lapsus
278 1919 297 1960 a
326 1899 491 1979 sapientia
524 1918 562 1960 ac
596 1899 803 1980 integritate,
834 1901 882 1963 ita
911 1909 1020 1963 status
1049 1901 1249 1963 vastationis

132 1992 232 2072 hujus
252 1992 435 2064 Ecclesiae,
456 2011 514 2072 per
536 1990 594 2054 illa
612 1992 829 2068 describatur,
846 2003 898 2056 est
922 1995 998 2075 quia
1020 2013 1065 2056 ex
1089 2014 1141 2067 eo,
1158 1996 1248 2075 quod

132 2088 240 2151 homo
266 2083 372 2148 laetus
398 2087 440 2147 sit
466 2085 676 2149 “similitudo
704 2087 789 2149 Dei”
814 2086 888 2168 (per
914 2107 1014 2168 quam
1042 2086 1249 2168 significatur

133 2180 330 2243 omnimoda
359 2181 555 2260 apparentia
584 2180 673 2260 quod
703 2182 833 2261 cogitet
863 2179 920 2242 illa
949 2200 1034 2262 quae
1064 2182 1249 2262 sapientiae

134 2284 215 2338 sunt
245 2294 283 2336 ac
303 2273 384 2335 velit
403 2272 460 2335 illa
479 2293 563 2354 quae
582 2274 704 2336 amoris
723 2283 800 2336 sunt
819 2295 839 2336 a
857 2294 903 2348 se,
924 2275 1010 2337 sicut
1031 2275 1133 2348 Deus,
1153 2275 1247 2338 vide·

134 2377 212 2431 atur
237 2386 345 2448 supra,
369 2386 400 2428 n.
425 2365 492 2447 26),
517 2367 657 2429 credidit
685 2368 832 2448 serpenti
858 2368 947 2448 quod
976 2366 1032 2450 [si]
1061 2370 1177 2432 ederet
1203 2390 1247 2432 ex

135 2461 195 2524 illa
216 2461 335 2524 arbore
358 2459 452 2523 fieret
475 2461 560 2523 sicut
584 2460 686 2535 Deus,
707 2471 741 2523 et
765 2462 810 2524 sic
834 2481 965 2544 quoque
989 2462 1091 2535 Deus,
1112 2463 1249 2526 sciendo

135 2556 263 2618 bonurn
275 2564 309 2617 et
326 2554 460 2617 malum.
507 2555 568 2617 Per
581 2559 600 2585 ‘⁶
610 2554 763 2617 arborem
772 2554 787 2578 ”
799 2554 884 2617 hanc
898 2554 1104 2636 significatur
1116 2566 1250 2619 natura·

136 2649 178 2711 lis
197 2648 299 2711 homo
317 2657 490 2731 separatus
508 2667 528 2709 a
551 2648 731 2729 spirituali;
760 2649 826 2729 qui,
846 2648 925 2710 dum
944 2648 1005 2711 sibi
1027 2646 1163 2712 relittus
1182 2660 1246 2725 est,

136 2762 205 2805 non
224 2741 321 2804 aliter
339 2742 455 2804 credit.

201 2833 313 2898 Cuivis
337 2836 464 2897 homini
491 2844 543 2897 est
570 2855 665 2898 mens
693 2835 852 2898 naturalis
878 2845 913 2897 et
941 2855 1036 2898 mens
1059 2836 1248 2916 spiritualis,

136 2926 316 2992 distin&ae
339 2930 426 2991 inter
452 2929 596 2991 sesicut
620 2929 705 2991 duae
729 2929 919 2991 mansiones
943 2931 1036 2990 unius
1059 2929 1189 3003 domus,
1213 2941 1248 2994 et

136 3020 336 3103 conjunctae
349 3042 407 3103 per
419 3021 527 3084 scalas
542 3043 549 3099 ;
573 3023 606 3084 in
623 3021 714 3102 cujus
727 3023 894 3104 superiore
907 3023 1080 3085 mansione
1093 3022 1249 3087 habitant

136 3118 238 3181 herus
261 3126 295 3179 et
319 3115 399 3178 hera
422 3135 497 3178 cum
521 3117 587 3178 suis
611 3116 732 3189 liberis,
753 3116 785 3177 in
808 3115 961 3179 inferiore
979 3124 1092 3177 autem
1116 3114 1248 3178 illorum

137 3212 225 3274 servi
251 3220 286 3274 et
313 3209 453 3272 ancillae
480 3229 555 3272 cum
583 3209 790 3272 mediastinis
816 3208 898 3271 aliis.
944 3209 1042 3271 Mens
1069 3209 1249 3290 spiritualis

135 3305 226 3387 apud
253 3303 436 3376 hominem,
460 3324 480 3365 a
507 3304 687 3366 nativitate
709 3323 813 3384 usque
838 3303 872 3365 in
900 3303 1039 3384 primam
1063 3302 1248 3383 pueritiam,

136 3397 273 3461 occlusa
298 3408 371 3474 est;
406 3417 501 3460 mens
527 3407 640 3459 autem
668 3395 848 3477 spiritualis
873 3417 894 3458 a
919 3396 1025 3478 prima
1051 3395 1109 3456 illa
1134 3405 1249 3458 aetate

136 3492 347 3575 pedetentim
363 3492 527 3572 aperitur;
551 3491 632 3553 data
647 3491 736 3553 enim
752 3499 804 3552 est
824 3489 929 3551 cuivis
943 3488 1069 3551 homini
1087 3508 1107 3550 a
1126 3489 1248 3551 nativi·

136 3595 211 3649 tate
233 3584 384 3658 facultas,
409 3605 447 3647 ac
471 3595 590 3666 postea
613 3584 777 3667 potentia,
802 3584 941 3665 parandi
967 3582 1029 3645 sibi
1056 3581 1164 3644 scalas
1191 3601 1249 3663 per

136 3699 219 3762 quas
241 3680 403 3741 ascendat
430 3689 465 3741 et
492 3678 648 3760 loquatur
674 3696 749 3741 cum
777 3676 859 3739 hero
886 3686 921 3739 et
948 3675 1040 3749 hera,
1064 3694 1102 3737 ac
1130 3685 1250 3756 postea

137 3773 323 3836 descendat
346 3782 380 3835 et
404 3772 535 3834 illorum
558 3771 719 3835 mandata
736 3780 960 3852 exsequatur;
989 3769 1073 3832 haec
1097 3770 1250 3850 potentia

136 3867 185 3931 illi
204 3867 285 3930 data
303 3877 355 3930 est
378 3887 437 3949 per
454 3867 570 3929 dotem
590 3866 683 3928 liberi
702 3866 828 3928 arbitrii
846 3866 879 3927 in
898 3863 1133 3946 spiritualibus.
1178 3861 1248 3925 Ve-

136 3980 210 4025 rum
243 3961 333 4023 enirn
366 3980 455 4034 vero,
487 3979 588 4022 nemo
620 3968 735 4041 potest
766 3958 948 4021 ascendere
980 3959 1013 4020 in
1046 3957 1249 4038 superiorem

137 4054 357 4128 mansionem,
374 4074 547 4136 perquam
563 4053 762 4134 intelligitur
778 4072 872 4115 mens
888 4050 1077 4134 spiritualis,
1092 4052 1153 4113 nisi
1169 4051 1250 4114 edat

136 4169 183 4213 ex
205 4147 376 4211 arboribus
398 4147 488 4210 vitae
511 4149 543 4209 in
565 4147 665 4210 horto
688 4147 761 4209 Dei.
806 4147 867 4208 Per
889 4165 983 4208 esum
1005 4145 1094 4208 enim
1118 4164 1162 4208 ex
1186 4143 1249 4216 his,

137 4242 241 4305 homo
264 4240 469 4304 illuminatur
491 4251 525 4303 et
548 4242 747 4321 integratur,
771 4249 806 4303 et
829 4240 976 4321 concipit
999 4239 1110 4312 fidem,
1133 4247 1168 4300 et
1192 4257 1250 4319 per

138 4337 355 4400 nutritionem
387 4355 430 4398 ex
461 4333 619 4399 fructibus
648 4334 780 4397 illarum
809 4334 932 4415 accipit
962 4332 1128 4408 fiduciam,
1159 4332 1250 4414 quod

137 4450 238 4495 omne
264 4431 390 4494 bonum
417 4431 460 4493 sit
486 4450 507 4493 a
532 4429 680 4493 Domino
706 4428 761 4511 qui
787 4435 840 4491 est
867 4427 981 4491 Arbor
1007 4427 1121 4502 Vitae,
1146 4435 1181 4490 et
1208 4446 1250 4489 ne
