<?xml version="1.0" encoding="UTF-8"?>
<!DOCTYPE html PUBLIC "-//W3C//DTD XHTML 1.0 Transitional//EN"
    "http://www.w3.org/TR/xhtml1/DTD/xhtml1-transitional.dtd">
<html xmlns="http://www.w3.org/1999/xhtml" xml:lang="en" lang="en">
 <head>
  <title>
</title>
<meta http-equiv="Content-Type" content="text/html;charset=utf-8" />
  <meta name='ocr-system' content='tesseract 3.04.00' />
  <meta name='ocr-capabilities' content='ocr_page ocr_carea ocr_par ocr_line ocrx_word'/>
</head>
<body>
  <div class='ocr_page' id='page_1' title='image "./denovahiersosol00swedgoog_0022.png"; bbox 0 0 2776 5040; ppageno 0'>
   <div class='ocr_carea' id='block_1_1' title="bbox 325 495 1246 566">
    <p class='ocr_par' dir='ltr' id='par_1_1' title="bbox 325 495 1246 566">
     <span class='ocr_line' id='line_1_1' title="bbox 325 495 1246 566; baseline 0.003 -21"><span class='ocrx_word' id='word_1_1' title='bbox 325 495 375 545; x_wconf 85' lang='lat' dir='ltr'><strong>ET</strong></span> <span class='ocrx_word' id='word_1_2' title='bbox 396 495 481 561; x_wconf 84' lang='lat' dir='ltr'>EJUS</span> <span class='ocrx_word' id='word_1_3' title='bbox 502 495 700 548; x_wconf 82' lang='lat' dir='ltr'>DOCTRINA</span> <span class='ocrx_word' id='word_1_4' title='bbox 722 496 997 548; x_wconf 64' lang='lat' dir='ltr'><strong>cenesca-N.</strong></span> <span class='ocrx_word' id='word_1_5' title='bbox 1018 496 1046 566; x_wconf 80' lang='grc'><strong>5.</strong></span> <span class='ocrx_word' id='word_1_6' title='bbox 1211 500 1246 548; x_wconf 85' lang='lat'><strong>11</strong></span> 
     </span>
    </p>
   </div>
   <div class='ocr_carea' id='block_1_2' title="bbox 133 676 1249 821">
    <p class='ocr_par' dir='ltr' id='par_1_2' title="bbox 133 676 1249 821">
     <span class='ocr_line' id='line_1_2' title="bbox 133 676 1249 742; baseline 0.004 -18"><span class='ocrx_word' id='word_1_7' title='bbox 133 676 592 739; x_wconf 54' lang='lat' dir='ltr'><strong>nanrnngellnidaturinoperooe</strong></span> <span class='ocrx_word' id='word_1_8' title='bbox 608 679 870 742; x_wconf 69' lang='lat' dir='ltr'><strong>&amp;chalnsmn</strong></span> <span class='ocrx_word' id='word_1_9' title='bbox 885 689 1006 740; x_wconf 75' lang='lat'><strong>329-345:</strong></span> <span class='ocrx_word' id='word_1_10' title='bbox 1028 680 1135 740; x_wconf 86' lang='lat' dir='ltr'><strong>etquod</strong></span> <span class='ocrx_word' id='word_1_11' title='bbox 1155 679 1249 729; x_wconf 75' lang='lat' dir='ltr'><strong>eaelum</strong></span> 
     </span>
     <span class='ocr_line' id='line_1_3' title="bbox 133 757 917 821; baseline 0.006 -18"><span class='ocrx_word' id='word_1_12' title='bbox 133 757 248 804; x_wconf 77' lang='lat' dir='ltr'><strong>tormetu</strong></span> <span class='ocrx_word' id='word_1_13' title='bbox 255 771 335 816; x_wconf 90' lang='lat' dir='ltr'><strong>aeque</strong></span> <span class='ocrx_word' id='word_1_14' title='bbox 344 772 359 804; x_wconf 80' lang='lat' dir='ltr'><strong>a</strong></span> <span class='ocrx_word' id='word_1_15' title='bbox 368 760 481 818; x_wconf 68' lang='lat' dir='ltr'><strong>genutius</strong></span> <span class='ocrx_word' id='word_1_16' title='bbox 489 772 564 818; x_wconf 84' lang='lat' dir='ltr'><strong>quam</strong></span> <span class='ocrx_word' id='word_1_17' title='bbox 574 759 745 815; x_wconf 75' lang='lat' dir='ltr'><strong>acuruuanis,</strong></span> <span class='ocrx_word' id='word_1_18' title='bbox 756 773 780 808; x_wconf 86' lang='lat' dir='ltr'><strong>n.</strong></span> <span class='ocrx_word' id='word_1_19' title='bbox 791 758 917 821; x_wconf 67' lang='lat' dir='ltr'><strong>art-328.)</strong></span> 
     </span>
    </p>
   </div>
   <div class='ocr_carea' id='block_1_3' title="bbox 132 863 1255 3014">
    <p class='ocr_par' dir='ltr' id='par_1_3' title="bbox 132 863 1255 3014">
     <span class='ocr_line' id='line_1_4' title="bbox 195 863 1249 948; baseline 0.004 -21"><span class='ocrx_word' id='word_1_20' title='bbox 195 877 239 946; x_wconf 79' lang='grc'><strong>4.</strong></span> <span class='ocrx_word' id='word_1_21' title='bbox 269 863 373 928; x_wconf 89' lang='lat' dir='ltr'><strong>Porro</strong></span> <span class='ocrx_word' id='word_1_22' title='bbox 395 865 486 948; x_wconf 90' lang='lat' dir='ltr'><strong>quod</strong></span> <span class='ocrx_word' id='word_1_23' title='bbox 512 884 638 930; x_wconf 90' lang='lat' dir='ltr'><strong>novum</strong></span> <span class='ocrx_word' id='word_1_24' title='bbox 661 866 726 931; x_wconf 93' lang='lat' dir='ltr'><strong>hoc</strong></span> <span class='ocrx_word' id='word_1_25' title='bbox 753 865 884 931; x_wconf 90' lang='lat' dir='ltr'><strong>caelum</strong></span> <span class='ocrx_word' id='word_1_26' title='bbox 911 864 1049 943; x_wconf 83' lang='lat' dir='ltr'><strong>attinet,</strong></span> <span class='ocrx_word' id='word_1_27' title='bbox 1073 865 1249 931; x_wconf 87' lang='lat' dir='ltr'><strong>sciendum</strong></span> 
     </span>
     <span class='ocr_line' id='line_1_5' title="bbox 132 970 1250 1058; baseline 0.005 -24"><span class='ocrx_word' id='word_1_28' title='bbox 132 980 187 1036; x_wconf 91' lang='lat' dir='ltr'><strong>est</strong></span> <span class='ocrx_word' id='word_1_29' title='bbox 209 972 301 1054; x_wconf 91' lang='lat' dir='ltr'><strong>quod</strong></span> <span class='ocrx_word' id='word_1_30' title='bbox 327 972 361 1037; x_wconf 92' lang='lat' dir='ltr'><strong>id</strong></span> <span class='ocrx_word' id='word_1_31' title='bbox 388 970 586 1038; x_wconf 75' lang='lat' dir='ltr'><strong>distinctum</strong></span> <span class='ocrx_word' id='word_1_32' title='bbox 616 975 661 1039; x_wconf 91' lang='lat' dir='ltr'><strong>sit</strong></span> <span class='ocrx_word' id='word_1_33' title='bbox 689 995 711 1038; x_wconf 91' lang='lat' dir='ltr'><strong>a</strong></span> <span class='ocrx_word' id='word_1_34' title='bbox 736 973 840 1039; x_wconf 92' lang='lat' dir='ltr'><strong>caelis</strong></span> <span class='ocrx_word' id='word_1_35' title='bbox 866 975 1025 1058; x_wconf 85' lang='lat' dir='ltr'><strong>antiquis,</strong></span> <span class='ocrx_word' id='word_1_36' title='bbox 1044 975 1101 1058; x_wconf 94' lang='lat' dir='ltr'><strong>qui</strong></span> <span class='ocrx_word' id='word_1_37' title='bbox 1126 993 1250 1058; x_wconf 88' lang='lat' dir='ltr'>nempe</span> 
     </span>
     <span class='ocr_line' id='line_1_6' title="bbox 132 1078 1251 1166; baseline 0.004 -24"><span class='ocrx_word' id='word_1_38' title='bbox 132 1078 266 1144; x_wconf 83' lang='lat' dir='ltr'><strong>luerunt</strong></span> <span class='ocrx_word' id='word_1_39' title='bbox 285 1091 367 1146; x_wconf 91' lang='lat' dir='ltr'><strong>ante</strong></span> <span class='ocrx_word' id='word_1_40' title='bbox 383 1082 569 1146; x_wconf 90' lang='lat' dir='ltr'><strong>adventum</strong></span> <span class='ocrx_word' id='word_1_41' title='bbox 583 1082 720 1147; x_wconf 93' lang='lat' dir='ltr'><strong>Domini</strong></span> <span class='ocrx_word' id='word_1_42' title='bbox 733 1104 741 1162; x_wconf 91' lang='lat'>;</span> <span class='ocrx_word' id='word_1_43' title='bbox 764 1083 825 1147; x_wconf 87' lang='lat' dir='ltr'><strong>sed</strong></span> <span class='ocrx_word' id='word_1_44' title='bbox 841 1103 946 1166; x_wconf 90' lang='lat' dir='ltr'><strong>usque</strong></span> <span class='ocrx_word' id='word_1_45' title='bbox 962 1082 1011 1147; x_wconf 92' lang='lat' dir='ltr'><strong>illi</strong></span> <span class='ocrx_word' id='word_1_46' title='bbox 1026 1101 1103 1147; x_wconf 95' lang='lat' dir='ltr'><strong>cum</strong></span> <span class='ocrx_word' id='word_1_47' title='bbox 1119 1083 1185 1147; x_wconf 93' lang='lat' dir='ltr'><strong>hoc</strong></span> <span class='ocrx_word' id='word_1_48' title='bbox 1201 1084 1251 1147; x_wconf 94' lang='lat' dir='ltr'><strong>ita</strong></span> 
     </span>
     <span class='ocr_line' id='line_1_7' title="bbox 133 1187 1250 1274; baseline 0.004 -25"><span class='ocrx_word' id='word_1_49' title='bbox 133 1187 280 1252; x_wconf 90' lang='lat' dir='ltr'><strong>ordinati</strong></span> <span class='ocrx_word' id='word_1_50' title='bbox 302 1199 382 1254; x_wconf 91' lang='lat' dir='ltr'><strong>sunt</strong></span> <span class='ocrx_word' id='word_1_51' title='bbox 405 1200 443 1255; x_wconf 95' lang='lat' dir='ltr'><strong>ut</strong></span> <span class='ocrx_word' id='word_1_52' title='bbox 466 1210 570 1255; x_wconf 92' lang='lat' dir='ltr'><strong>unum</strong></span> <span class='ocrx_word' id='word_1_53' title='bbox 592 1190 726 1255; x_wconf 91' lang='lat' dir='ltr'><strong>caelum</strong></span> <span class='ocrx_word' id='word_1_54' title='bbox 752 1189 852 1255; x_wconf 90' lang='lat' dir='ltr'><strong>simul</strong></span> <span class='ocrx_word' id='word_1_55' title='bbox 879 1192 1103 1256; x_wconf 88' lang='lat' dir='ltr'><strong>constituant.</strong></span> <span class='ocrx_word' id='word_1_56' title='bbox 1147 1189 1250 1274; x_wconf 83' lang='lat' dir='ltr'><strong>Quod</strong></span> 
     </span>
     <span class='ocr_line' id='line_1_8' title="bbox 133 1294 1250 1383; baseline 0.005 -25"><span class='ocrx_word' id='word_1_57' title='bbox 133 1294 200 1359; x_wconf 91' lang='lat' dir='ltr'><strong>hoc</strong></span> <span class='ocrx_word' id='word_1_58' title='bbox 230 1316 356 1361; x_wconf 89' lang='lat' dir='ltr'><strong>novum</strong></span> <span class='ocrx_word' id='word_1_59' title='bbox 378 1298 511 1363; x_wconf 89' lang='lat' dir='ltr'><strong>caelum</strong></span> <span class='ocrx_word' id='word_1_60' title='bbox 535 1296 734 1364; x_wconf 76' lang='lat' dir='ltr'><strong>distinctum</strong></span> <span class='ocrx_word' id='word_1_61' title='bbox 763 1300 809 1363; x_wconf 93' lang='lat' dir='ltr'><strong>sit</strong></span> <span class='ocrx_word' id='word_1_62' title='bbox 835 1320 856 1363; x_wconf 91' lang='lat' dir='ltr'><strong>a</strong></span> <span class='ocrx_word' id='word_1_63' title='bbox 882 1298 987 1364; x_wconf 87' lang='lat' dir='ltr'><strong>caelis</strong></span> <span class='ocrx_word' id='word_1_64' title='bbox 1013 1301 1172 1383; x_wconf 84' lang='lat' dir='ltr'><strong>antiquis,</strong></span> <span class='ocrx_word' id='word_1_65' title='bbox 1197 1310 1250 1365; x_wconf 88' lang='lat' dir='ltr'><strong>est</strong></span> 
     </span>
     <span class='ocr_line' id='line_1_9' title="bbox 134 1407 1251 1493; baseline 0.004 -24"><span class='ocrx_word' id='word_1_66' title='bbox 134 1424 249 1482; x_wconf 91' lang='lat' dir='ltr'><strong>causa,</strong></span> <span class='ocrx_word' id='word_1_67' title='bbox 259 1408 336 1490; x_wconf 90' lang='lat' dir='ltr'><strong>quia</strong></span> <span class='ocrx_word' id='word_1_68' title='bbox 351 1409 385 1471; x_wconf 95' lang='lat' dir='ltr'><strong>in</strong></span> <span class='ocrx_word' id='word_1_69' title='bbox 401 1409 548 1491; x_wconf 86' lang='lat' dir='ltr'><strong>antiquis</strong></span> <span class='ocrx_word' id='word_1_70' title='bbox 567 1409 720 1474; x_wconf 89' lang='lat' dir='ltr'><strong>ecclesiis</strong></span> <span class='ocrx_word' id='word_1_71' title='bbox 735 1429 805 1473; x_wconf 96' lang='lat' dir='ltr'><strong>non</strong></span> <span class='ocrx_word' id='word_1_72' title='bbox 820 1409 888 1473; x_wconf 94' lang='lat' dir='ltr'><strong>alia</strong></span> <span class='ocrx_word' id='word_1_73' title='bbox 902 1407 1058 1474; x_wconf 72' lang='lat' dir='ltr'><strong>doctrina</strong></span> <span class='ocrx_word' id='word_1_74' title='bbox 1072 1409 1133 1475; x_wconf 84' lang='lat' dir='ltr'><strong>luit</strong></span> <span class='ocrx_word' id='word_1_75' title='bbox 1149 1429 1251 1493; x_wconf 93' lang='lat' dir='ltr'><strong>quam</strong></span> 
     </span>
     <span class='ocr_line' id='line_1_10' title="bbox 133 1511 1251 1594; baseline 0.004 -16"><span class='ocrx_word' id='word_1_76' title='bbox 133 1511 289 1579; x_wconf 67' lang='lat' dir='ltr'><strong>doctrina</strong></span> <span class='ocrx_word' id='word_1_77' title='bbox 307 1518 431 1581; x_wconf 92' lang='lat' dir='ltr'><strong>amoris</strong></span> <span class='ocrx_word' id='word_1_78' title='bbox 447 1527 482 1582; x_wconf 92' lang='lat' dir='ltr'><strong>et</strong></span> <span class='ocrx_word' id='word_1_79' title='bbox 497 1517 688 1594; x_wconf 91' lang='lat' dir='ltr'><strong>charitatis,</strong></span> <span class='ocrx_word' id='word_1_80' title='bbox 701 1527 737 1584; x_wconf 88' lang='lat' dir='ltr'><strong>et</strong></span> <span class='ocrx_word' id='word_1_81' title='bbox 756 1528 838 1584; x_wconf 93' lang='lat' dir='ltr'><strong>tunc</strong></span> <span class='ocrx_word' id='word_1_82' title='bbox 857 1538 926 1583; x_wconf 95' lang='lat' dir='ltr'><strong>non</strong></span> <span class='ocrx_word' id='word_1_83' title='bbox 942 1519 1114 1584; x_wconf 89' lang='lat' dir='ltr'><strong>sciverunt</strong></span> <span class='ocrx_word' id='word_1_84' title='bbox 1130 1520 1172 1584; x_wconf 90' lang='lat' dir='ltr'><strong>de</strong></span> <span class='ocrx_word' id='word_1_85' title='bbox 1188 1519 1251 1583; x_wconf 93' lang='lat' dir='ltr'><strong>ali-</strong></span> 
     </span>
     <span class='ocr_line' id='line_1_11' title="bbox 134 1622 1251 1711; baseline 0.001 -23"><span class='ocrx_word' id='word_1_86' title='bbox 134 1644 201 1708; x_wconf 90' lang='lat' dir='ltr'><strong>qua</strong></span> <span class='ocrx_word' id='word_1_87' title='bbox 212 1622 367 1690; x_wconf 72' lang='lat' dir='ltr'><strong>doctrina</strong></span> <span class='ocrx_word' id='word_1_88' title='bbox 384 1626 462 1691; x_wconf 88' lang='lat' dir='ltr'><strong>fidei</strong></span> <span class='ocrx_word' id='word_1_89' title='bbox 478 1637 677 1710; x_wconf 85' lang='lat' dir='ltr'><strong>separatae:</strong></span> <span class='ocrx_word' id='word_1_90' title='bbox 700 1628 780 1692; x_wconf 90' lang='lat' dir='ltr'><strong>inde</strong></span> <span class='ocrx_word' id='word_1_91' title='bbox 796 1648 929 1711; x_wconf 90' lang='lat' dir='ltr'><strong>quoque</strong></span> <span class='ocrx_word' id='word_1_92' title='bbox 944 1637 997 1692; x_wconf 90' lang='lat' dir='ltr'><strong>est</strong></span> <span class='ocrx_word' id='word_1_93' title='bbox 1016 1628 1107 1711; x_wconf 93' lang='lat' dir='ltr'><strong>quod</strong></span> <span class='ocrx_word' id='word_1_94' title='bbox 1122 1627 1251 1711; x_wconf 87' lang='lat' dir='ltr'><strong>antiqui</strong></span> 
     </span>
     <span class='ocr_line' id='line_1_12' title="bbox 134 1731 1252 1819; baseline 0.004 -23"><span class='ocrx_word' id='word_1_95' title='bbox 134 1731 221 1796; x_wconf 88' lang='lat' dir='ltr'><strong>caeli</strong></span> <span class='ocrx_word' id='word_1_96' title='bbox 240 1735 452 1799; x_wconf 88' lang='lat' dir='ltr'><strong>constituant</strong></span> <span class='ocrx_word' id='word_1_97' title='bbox 468 1756 623 1819; x_wconf 87' lang='lat' dir='ltr'><strong>expansa</strong></span> <span class='ocrx_word' id='word_1_98' title='bbox 641 1737 823 1819; x_wconf 88' lang='lat' dir='ltr'><strong>superiora,</strong></span> <span class='ocrx_word' id='word_1_99' title='bbox 841 1755 967 1800; x_wconf 88' lang='lat' dir='ltr'><strong>novum</strong></span> <span class='ocrx_word' id='word_1_100' title='bbox 985 1746 1101 1801; x_wconf 89' lang='lat' dir='ltr'><strong>autem</strong></span> <span class='ocrx_word' id='word_1_101' title='bbox 1119 1735 1252 1800; x_wconf 91' lang='lat' dir='ltr'><strong>caelum</strong></span> 
     </span>
     <span class='ocr_line' id='line_1_13' title="bbox 134 1843 1253 1927; baseline 0.003 -23"><span class='ocrx_word' id='word_1_102' title='bbox 134 1860 326 1923; x_wconf 87' lang='lat' dir='ltr'><strong>expansum</strong></span> <span class='ocrx_word' id='word_1_103' title='bbox 344 1843 429 1907; x_wconf 85' lang='lat' dir='ltr'><strong>infra</strong></span> <span class='ocrx_word' id='word_1_104' title='bbox 446 1844 543 1923; x_wconf 89' lang='lat' dir='ltr'><strong>illos;</strong></span> <span class='ocrx_word' id='word_1_105' title='bbox 567 1864 648 1908; x_wconf 93' lang='lat' dir='ltr'><strong>nam</strong></span> <span class='ocrx_word' id='word_1_106' title='bbox 663 1844 749 1909; x_wconf 89' lang='lat' dir='ltr'><strong>caeli</strong></span> <span class='ocrx_word' id='word_1_107' title='bbox 765 1854 844 1909; x_wconf 93' lang='lat' dir='ltr'><strong>sunt</strong></span> <span class='ocrx_word' id='word_1_108' title='bbox 859 1863 1015 1927; x_wconf 89' lang='lat' dir='ltr'><strong>expansa</strong></span> <span class='ocrx_word' id='word_1_109' title='bbox 1030 1863 1134 1907; x_wconf 92' lang='lat' dir='ltr'><strong>unum</strong></span> <span class='ocrx_word' id='word_1_110' title='bbox 1150 1864 1253 1927; x_wconf 87' lang='lat' dir='ltr'><strong>supra</strong></span> 
     </span>
     <span class='ocr_line' id='line_1_14' title="bbox 135 1947 1253 2036; baseline 0.004 -25"><span class='ocrx_word' id='word_1_111' title='bbox 135 1947 292 2014; x_wconf 91' lang='lat' dir='ltr'><strong>alterum.</strong></span> <span class='ocrx_word' id='word_1_112' title='bbox 337 1950 377 2014; x_wconf 93' lang='lat' dir='ltr'><strong>In</strong></span> <span class='ocrx_word' id='word_1_113' title='bbox 400 1954 564 2034; x_wconf 87' lang='lat' dir='ltr'><strong>supremis</strong></span> <span class='ocrx_word' id='word_1_114' title='bbox 587 1954 749 2036; x_wconf 88' lang='lat' dir='ltr'><strong>expansis</strong></span> <span class='ocrx_word' id='word_1_115' title='bbox 772 1962 851 2017; x_wconf 92' lang='lat' dir='ltr'><strong>sunt</strong></span> <span class='ocrx_word' id='word_1_116' title='bbox 873 1952 929 2036; x_wconf 94' lang='lat' dir='ltr'><strong>qui</strong></span> <span class='ocrx_word' id='word_1_117' title='bbox 948 1951 1062 2035; x_wconf 86' lang='lat' dir='ltr'><strong>an&#39;geli</strong></span> <span class='ocrx_word' id='word_1_118' title='bbox 1085 1952 1253 2017; x_wconf 88' lang='lat' dir='ltr'><strong>caelestes</strong></span> 
     </span>
     <span class='ocr_line' id='line_1_15' title="bbox 135 2060 1252 2145; baseline 0.004 -24"><span class='ocrx_word' id='word_1_119' title='bbox 135 2068 313 2135; x_wconf 89' lang='lat' dir='ltr'><strong>vocantur,</strong></span> <span class='ocrx_word' id='word_1_120' title='bbox 330 2080 470 2143; x_wconf 92' lang='lat' dir='ltr'><strong>quorum</strong></span> <span class='ocrx_word' id='word_1_121' title='bbox 487 2061 639 2145; x_wconf 88' lang='lat' dir='ltr'><strong>plerique</strong></span> <span class='ocrx_word' id='word_1_122' title='bbox 657 2070 737 2126; x_wconf 86' lang='lat' dir='ltr'><strong>sunt</strong></span> <span class='ocrx_word' id='word_1_123' title='bbox 756 2082 801 2125; x_wconf 89' lang='lat' dir='ltr'><strong>ex</strong></span> <span class='ocrx_word' id='word_1_124' title='bbox 814 2061 1063 2145; x_wconf 88' lang='lat' dir='ltr'><strong>Antiquissima</strong></span> <span class='ocrx_word' id='word_1_125' title='bbox 1075 2060 1252 2137; x_wconf 87' lang='lat' dir='ltr'><strong>Ecclesia;</strong></span> 
     </span>
     <span class='ocr_line' id='line_1_16' title="bbox 135 2166 1251 2252; baseline 0.001 -21"><span class='ocrx_word' id='word_1_126' title='bbox 135 2166 185 2231; x_wconf 93' lang='lat' dir='ltr'><strong>illi</strong></span> <span class='ocrx_word' id='word_1_127' title='bbox 213 2169 270 2251; x_wconf 93' lang='lat' dir='ltr'><strong>qui</strong></span> <span class='ocrx_word' id='word_1_128' title='bbox 292 2167 347 2244; x_wconf 92' lang='lat' dir='ltr'><strong>ibi,</strong></span> <span class='ocrx_word' id='word_1_129' title='bbox 367 2169 482 2252; x_wconf 86' lang='lat' dir='ltr'><strong>angeli</strong></span> <span class='ocrx_word' id='word_1_130' title='bbox 505 2170 673 2235; x_wconf 88' lang='lat' dir='ltr'><strong>caelestes</strong></span> <span class='ocrx_word' id='word_1_131' title='bbox 692 2180 868 2247; x_wconf 88' lang='lat' dir='ltr'><strong>vocantur,</strong></span> <span class='ocrx_word' id='word_1_132' title='bbox 888 2191 933 2235; x_wconf 87' lang='lat' dir='ltr'><strong>ex</strong></span> <span class='ocrx_word' id='word_1_133' title='bbox 955 2188 1071 2234; x_wconf 91' lang='lat' dir='ltr'><strong>amore</strong></span> <span class='ocrx_word' id='word_1_134' title='bbox 1099 2168 1251 2244; x_wconf 89' lang='lat' dir='ltr'><strong>caelesti,</strong></span> 
     </span>
     <span class='ocr_line' id='line_1_17' title="bbox 136 2276 1253 2361; baseline 0.001 -23"><span class='ocrx_word' id='word_1_135' title='bbox 136 2276 193 2359; x_wconf 93' lang='lat' dir='ltr'><strong>qui</strong></span> <span class='ocrx_word' id='word_1_136' title='bbox 214 2285 269 2339; x_wconf 93' lang='lat' dir='ltr'><strong>est</strong></span> <span class='ocrx_word' id='word_1_137' title='bbox 291 2295 387 2341; x_wconf 89' lang='lat' dir='ltr'><strong>amor</strong></span> <span class='ocrx_word' id='word_1_138' title='bbox 405 2278 438 2341; x_wconf 94' lang='lat' dir='ltr'><strong>in</strong></span> <span class='ocrx_word' id='word_1_139' title='bbox 462 2278 667 2341; x_wconf 90' lang='lat' dir='ltr'><strong>Dominum:</strong></span> <span class='ocrx_word' id='word_1_140' title='bbox 691 2279 724 2340; x_wconf 92' lang='lat' dir='ltr'><strong>in</strong></span> <span class='ocrx_word' id='word_1_141' title='bbox 748 2279 910 2361; x_wconf 87' lang='lat' dir='ltr'><strong>expansis</strong></span> <span class='ocrx_word' id='word_1_142' title='bbox 933 2278 995 2342; x_wconf 89' lang='lat' dir='ltr'><strong>sub</strong></span> <span class='ocrx_word' id='word_1_143' title='bbox 1010 2276 1076 2340; x_wconf 90' lang='lat' dir='ltr'><strong>illis</strong></span> <span class='ocrx_word' id='word_1_144' title='bbox 1098 2288 1178 2341; x_wconf 91' lang='lat' dir='ltr'><strong>sunt</strong></span> <span class='ocrx_word' id='word_1_145' title='bbox 1196 2278 1253 2360; x_wconf 90' lang='lat' dir='ltr'><strong>qui</strong></span> 
     </span>
     <span class='ocr_line' id='line_1_18' title="bbox 137 2384 1253 2470; baseline 0.001 -23"><span class='ocrx_word' id='word_1_146' title='bbox 137 2384 253 2466; x_wconf 86' lang='lat' dir='ltr'><strong>angeli</strong></span> <span class='ocrx_word' id='word_1_147' title='bbox 272 2386 463 2468; x_wconf 90' lang='lat' dir='ltr'><strong>spirituales</strong></span> <span class='ocrx_word' id='word_1_148' title='bbox 481 2388 649 2463; x_wconf 89' lang='lat' dir='ltr'><strong>dicuntur,</strong></span> <span class='ocrx_word' id='word_1_149' title='bbox 664 2406 805 2469; x_wconf 90' lang='lat' dir='ltr'><strong>quorum</strong></span> <span class='ocrx_word' id='word_1_150' title='bbox 824 2386 974 2470; x_wconf 84' lang='lat' dir='ltr'><strong>plerique</strong></span> <span class='ocrx_word' id='word_1_151' title='bbox 993 2395 1072 2451; x_wconf 91' lang='lat' dir='ltr'><strong>sunt</strong></span> <span class='ocrx_word' id='word_1_152' title='bbox 1087 2406 1133 2450; x_wconf 89' lang='lat' dir='ltr'><strong>ex</strong></span> <span class='ocrx_word' id='word_1_153' title='bbox 1148 2384 1253 2450; x_wconf 92' lang='lat' dir='ltr'><strong>Anti-</strong></span> 
     </span>
     <span class='ocr_line' id='line_1_19' title="bbox 137 2493 1253 2578; baseline 0 -22"><span class='ocrx_word' id='word_1_154' title='bbox 137 2512 204 2576; x_wconf 91' lang='lat' dir='ltr'><strong>qua</strong></span> <span class='ocrx_word' id='word_1_155' title='bbox 229 2493 406 2574; x_wconf 89' lang='lat' dir='ltr'><strong>Ecclesia;</strong></span> <span class='ocrx_word' id='word_1_156' title='bbox 438 2495 486 2558; x_wconf 91' lang='lat' dir='ltr'><strong>illi</strong></span> <span class='ocrx_word' id='word_1_157' title='bbox 504 2496 561 2578; x_wconf 92' lang='lat' dir='ltr'><strong>qui</strong></span> <span class='ocrx_word' id='word_1_158' title='bbox 590 2496 646 2571; x_wconf 91' lang='lat' dir='ltr'><strong>ibi,</strong></span> <span class='ocrx_word' id='word_1_159' title='bbox 667 2495 781 2578; x_wconf 83' lang='lat' dir='ltr'><strong>angeli</strong></span> <span class='ocrx_word' id='word_1_160' title='bbox 806 2494 997 2578; x_wconf 89' lang='lat' dir='ltr'><strong>spirituales</strong></span> <span class='ocrx_word' id='word_1_161' title='bbox 1020 2494 1188 2571; x_wconf 88' lang='lat' dir='ltr'><strong>dicuntur,</strong></span> <span class='ocrx_word' id='word_1_162' title='bbox 1208 2515 1253 2557; x_wconf 88' lang='lat' dir='ltr'><strong>ex</strong></span> 
     </span>
     <span class='ocr_line' id='line_1_20' title="bbox 137 2602 1254 2688; baseline -0.002 -21"><span class='ocrx_word' id='word_1_163' title='bbox 137 2621 254 2667; x_wconf 91' lang='lat' dir='ltr'><strong>amore</strong></span> <span class='ocrx_word' id='word_1_164' title='bbox 270 2603 446 2687; x_wconf 88' lang='lat' dir='ltr'><strong>spirituali,</strong></span> <span class='ocrx_word' id='word_1_165' title='bbox 465 2605 522 2688; x_wconf 95' lang='lat' dir='ltr'><strong>qui</strong></span> <span class='ocrx_word' id='word_1_166' title='bbox 541 2613 594 2668; x_wconf 89' lang='lat' dir='ltr'><strong>est</strong></span> <span class='ocrx_word' id='word_1_167' title='bbox 613 2604 763 2669; x_wconf 87' lang='lat' dir='ltr'><strong>charitas</strong></span> <span class='ocrx_word' id='word_1_168' title='bbox 781 2624 863 2686; x_wconf 87' lang='lat' dir='ltr'><strong>erga</strong></span> <span class='ocrx_word' id='word_1_169' title='bbox 881 2604 1094 2687; x_wconf 88' lang='lat' dir='ltr'><strong>proximum:</strong></span> <span class='ocrx_word' id='word_1_170' title='bbox 1118 2603 1181 2665; x_wconf 91' lang='lat' dir='ltr'><strong>sub</strong></span> <span class='ocrx_word' id='word_1_171' title='bbox 1202 2602 1254 2666; x_wconf 91' lang='lat' dir='ltr'><strong>his</strong></span> 
     </span>
     <span class='ocr_line' id='line_1_21' title="bbox 138 2712 1254 2797; baseline 0 -21"><span class='ocrx_word' id='word_1_172' title='bbox 138 2722 218 2777; x_wconf 94' lang='lat' dir='ltr'><strong>sunt</strong></span> <span class='ocrx_word' id='word_1_173' title='bbox 237 2712 351 2795; x_wconf 88' lang='lat' dir='ltr'><strong>angeli</strong></span> <span class='ocrx_word' id='word_1_174' title='bbox 370 2715 426 2796; x_wconf 93' lang='lat' dir='ltr'><strong>qui</strong></span> <span class='ocrx_word' id='word_1_175' title='bbox 444 2714 477 2776; x_wconf 90' lang='lat' dir='ltr'><strong>in</strong></span> <span class='ocrx_word' id='word_1_176' title='bbox 497 2714 588 2778; x_wconf 94' lang='lat' dir='ltr'><strong>bono</strong></span> <span class='ocrx_word' id='word_1_177' title='bbox 606 2714 684 2778; x_wconf 88' lang='lat' dir='ltr'><strong>fidei</strong></span> <span class='ocrx_word' id='word_1_178' title='bbox 702 2723 792 2790; x_wconf 94' lang='lat' dir='ltr'><strong>sunt,</strong></span> <span class='ocrx_word' id='word_1_179' title='bbox 808 2715 864 2797; x_wconf 92' lang='lat' dir='ltr'><strong>qui</strong></span> <span class='ocrx_word' id='word_1_180' title='bbox 882 2723 962 2777; x_wconf 90' lang='lat' dir='ltr'><strong>sunt</strong></span> <span class='ocrx_word' id='word_1_181' title='bbox 980 2715 1036 2797; x_wconf 90' lang='lat' dir='ltr'><strong>qui</strong></span> <span class='ocrx_word' id='word_1_182' title='bbox 1051 2715 1159 2778; x_wconf 90' lang='lat' dir='ltr'><strong>vitam</strong></span> <span class='ocrx_word' id='word_1_183' title='bbox 1176 2712 1254 2779; x_wconf 87' lang='lat' dir='ltr'><strong>fidei</strong></span> 
     </span>
     <span class='ocr_line' id='line_1_22' title="bbox 138 2819 1254 2901; baseline 0 -16"><span class='ocrx_word' id='word_1_184' title='bbox 138 2823 319 2901; x_wconf 87' lang='lat' dir='ltr'><strong>vixerunt;</strong></span> <span class='ocrx_word' id='word_1_185' title='bbox 343 2823 449 2887; x_wconf 89' lang='lat' dir='ltr'><strong>vitam</strong></span> <span class='ocrx_word' id='word_1_186' title='bbox 464 2822 542 2887; x_wconf 87' lang='lat' dir='ltr'><strong>fidei</strong></span> <span class='ocrx_word' id='word_1_187' title='bbox 556 2825 680 2898; x_wconf 90' lang='lat' dir='ltr'><strong>vivere,</strong></span> <span class='ocrx_word' id='word_1_188' title='bbox 697 2833 751 2887; x_wconf 91' lang='lat' dir='ltr'><strong>est</strong></span> <span class='ocrx_word' id='word_1_189' title='bbox 767 2823 953 2887; x_wconf 89' lang='lat' dir='ltr'><strong>secundum</strong></span> <span class='ocrx_word' id='word_1_190' title='bbox 969 2819 1158 2887; x_wconf 65' lang='lat' dir='ltr'><strong>doctrinam</strong></span> <span class='ocrx_word' id='word_1_191' title='bbox 1174 2842 1254 2886; x_wconf 90' lang='lat' dir='ltr'><strong>suae</strong></span> 
     </span>
     <span class='ocr_line' id='line_1_23' title="bbox 139 2928 1255 3014; baseline 0 -21"><span class='ocrx_word' id='word_1_192' title='bbox 139 2928 326 3009; x_wconf 90' lang='lat' dir='ltr'><strong>ecclesiae;</strong></span> <span class='ocrx_word' id='word_1_193' title='bbox 356 2940 392 2994; x_wconf 94' lang='lat' dir='ltr'><strong>at</strong></span> <span class='ocrx_word' id='word_1_194' title='bbox 411 2931 524 2996; x_wconf 88' lang='lat' dir='ltr'><strong>vivere</strong></span> <span class='ocrx_word' id='word_1_195' title='bbox 543 2940 596 2996; x_wconf 91' lang='lat' dir='ltr'><strong>est</strong></span> <span class='ocrx_word' id='word_1_196' title='bbox 615 2931 705 2995; x_wconf 92' lang='lat' dir='ltr'><strong>velle</strong></span> <span class='ocrx_word' id='word_1_197' title='bbox 723 2941 759 2995; x_wconf 92' lang='lat' dir='ltr'><strong>et</strong></span> <span class='ocrx_word' id='word_1_198' title='bbox 777 2931 897 2995; x_wconf 84' lang='lat' dir='ltr'><strong>iacere.</strong></span> <span class='ocrx_word' id='word_1_199' title='bbox 938 2929 989 2994; x_wconf 85' lang='lat' dir='ltr'><strong>At</strong></span> <span class='ocrx_word' id='word_1_200' title='bbox 1012 2950 1117 3014; x_wconf 92' lang='lat' dir='ltr'><strong>usque</strong></span> <span class='ocrx_word' id='word_1_201' title='bbox 1135 2949 1255 2995; x_wconf 89' lang='lat' dir='ltr'><strong>omnes</strong></span> 
     </span>
    </p>
   </div>
   <div class='ocr_carea' id='block_1_4' title="bbox 139 3038 1254 3124">
    <p class='ocr_par' dir='ltr' id='par_1_4' title="bbox 139 3038 1254 3124">
     <span class='ocr_line' id='line_1_24' title="bbox 139 3038 1254 3124; baseline -0.002 -21"><span class='ocrx_word' id='word_1_202' title='bbox 139 3038 188 3103; x_wconf 92' lang='lat' dir='ltr'><strong>illi</strong></span> <span class='ocrx_word' id='word_1_203' title='bbox 205 3038 293 3109; x_wconf 88' lang='lat' dir='ltr'><strong>caeli</strong></span> <span class='ocrx_word' id='word_1_204' title='bbox 308 3058 412 3104; x_wconf 93' lang='lat' dir='ltr'><strong>unum</strong></span> <span class='ocrx_word' id='word_1_205' title='bbox 430 3040 556 3104; x_wconf 83' lang='lat' dir='ltr'><strong>faciunt</strong></span> <span class='ocrx_word' id='word_1_206' title='bbox 572 3061 631 3124; x_wconf 87' lang='lat' dir='ltr'><strong>per</strong></span> <span class='ocrx_word' id='word_1_207' title='bbox 642 3040 807 3105; x_wconf 89' lang='lat' dir='ltr'><strong>influxum</strong></span> <span class='ocrx_word' id='word_1_208' title='bbox 824 3040 1010 3105; x_wconf 92' lang='lat' dir='ltr'><strong>mediatum</strong></span> <span class='ocrx_word' id='word_1_209' title='bbox 1025 3049 1061 3104; x_wconf 90' lang='lat' dir='ltr'><strong>et</strong></span> <span class='ocrx_word' id='word_1_210' title='bbox 1077 3040 1254 3103; x_wconf 90' lang='lat' dir='ltr'><strong>immedia-</strong></span> 
     </span>
    </p>
   </div>
   <div class='ocr_carea' id='block_1_5' title="bbox 140 3145 1256 3223">
    <p class='ocr_par' dir='ltr' id='par_1_5' title="bbox 140 3145 1256 3223">
     <span class='ocr_line' id='line_1_25' title="bbox 140 3145 1256 3223; baseline -0.003 -14"><span class='ocrx_word' id='word_1_211' title='bbox 140 3154 214 3209; x_wconf 79' lang='lat' dir='ltr'><strong>tum</strong></span> <span class='ocrx_word' id='word_1_212' title='bbox 232 3165 252 3208; x_wconf 78' lang='lat' dir='ltr'><strong>a</strong></span> <span class='ocrx_word' id='word_1_213' title='bbox 271 3145 432 3209; x_wconf 80' lang='lat' dir='ltr'><strong>Domino.</strong></span> <span class='ocrx_word' id='word_1_214' title='bbox 474 3162 535 3223; x_wconf 85' lang='lat' dir='ltr'><strong>(Sed</strong></span> <span class='ocrx_word' id='word_1_215' title='bbox 547 3163 641 3222; x_wconf 84' lang='lat' dir='ltr'><strong>plenior</strong></span> <span class='ocrx_word' id='word_1_216' title='bbox 653 3163 709 3210; x_wconf 80' lang='lat' dir='ltr'><strong>idea</strong></span> <span class='ocrx_word' id='word_1_217' title='bbox 721 3164 753 3209; x_wconf 89' lang='lat' dir='ltr'><strong>de</strong></span> <span class='ocrx_word' id='word_1_218' title='bbox 768 3163 805 3210; x_wconf 80' lang='lat' dir='ltr'><strong>hu</strong></span> <span class='ocrx_word' id='word_1_219' title='bbox 818 3162 890 3209; x_wconf 80' lang='lat' dir='ltr'><strong>caelis</strong></span> <span class='ocrx_word' id='word_1_220' title='bbox 903 3162 987 3208; x_wconf 83' lang='lat' dir='ltr'><strong>haberi</strong></span> <span class='ocrx_word' id='word_1_221' title='bbox 1000 3168 1080 3221; x_wconf 73' lang='lat' dir='ltr'><strong>potest</strong></span> <span class='ocrx_word' id='word_1_222' title='bbox 1090 3175 1121 3206; x_wconf 82' lang='lat' dir='ltr'><strong>ex</strong></span> <span class='ocrx_word' id='word_1_223' title='bbox 1133 3161 1179 3207; x_wconf 78' lang='lat' dir='ltr'><strong>inlr</strong></span> <span class='ocrx_word' id='word_1_224' title='bbox 1193 3174 1256 3219; x_wconf 87' lang='lat' dir='ltr'><strong>quae</strong></span> 
     </span>
    </p>
   </div>
   <div class='ocr_carea' id='block_1_6' title="bbox 140 3240 1309 3601">
    <p class='ocr_par' dir='ltr' id='par_1_6' title="bbox 140 3240 1309 3601">
     <span class='ocr_line' id='line_1_26' title="bbox 140 3240 1257 3302; baseline -0.004 -14"><span class='ocrx_word' id='word_1_225' title='bbox 140 3242 165 3288; x_wconf 74' lang='lat' dir='ltr'>h</span> <span class='ocrx_word' id='word_1_226' title='bbox 175 3255 248 3301; x_wconf 86' lang='lat' dir='ltr'><strong>opere</strong></span> <span class='ocrx_word' id='word_1_227' title='bbox 255 3241 295 3288; x_wconf 78' lang='lat' dir='ltr'><strong>De</strong></span> <span class='ocrx_word' id='word_1_228' title='bbox 307 3241 376 3288; x_wconf 81' lang='lat' dir='ltr'><strong>Coelo</strong></span> <span class='ocrx_word' id='word_1_229' title='bbox 386 3247 410 3288; x_wconf 80' lang='lat' dir='ltr'><strong>et</strong></span> <span class='ocrx_word' id='word_1_230' title='bbox 418 3241 515 3302; x_wconf 73' lang='lat' dir='ltr'><strong>Insmo</strong></span> <span class='ocrx_word' id='word_1_231' title='bbox 525 3249 621 3289; x_wconf 84' lang='lat' dir='ltr'><strong>ostensa</strong></span> <span class='ocrx_word' id='word_1_232' title='bbox 628 3249 690 3297; x_wconf 87' lang='lat' dir='ltr'><strong>sunt,</strong></span> <span class='ocrx_word' id='word_1_233' title='bbox 697 3248 721 3288; x_wconf 86' lang='lat' dir='ltr'><strong>et</strong></span> <span class='ocrx_word' id='word_1_234' title='bbox 729 3242 762 3289; x_wconf 87' lang='lat' dir='ltr'><strong>lbi</strong></span> <span class='ocrx_word' id='word_1_235' title='bbox 771 3243 796 3288; x_wconf 88' lang='lat' dir='ltr'><strong>ln</strong></span> <span class='ocrx_word' id='word_1_236' title='bbox 806 3241 906 3289; x_wconf 79' lang='lat' dir='ltr'><strong>articulo</strong></span> <span class='ocrx_word' id='word_1_237' title='bbox 913 3242 945 3288; x_wconf 89' lang='lat' dir='ltr'><strong>de</strong></span> <span class='ocrx_word' id='word_1_238' title='bbox 955 3241 1051 3288; x_wconf 80' lang='lat' dir='ltr'><strong>duobus</strong></span> <span class='ocrx_word' id='word_1_239' title='bbox 1062 3240 1151 3299; x_wconf 83' lang='lat' dir='ltr'><strong>Regnis</strong></span> <span class='ocrx_word' id='word_1_240' title='bbox 1159 3240 1183 3285; x_wconf 87' lang='lat' dir='ltr'><strong>iu</strong></span> <span class='ocrx_word' id='word_1_241' title='bbox 1194 3253 1257 3298; x_wconf 84' lang='lat' dir='ltr'><strong>quae</strong></span> 
     </span>
     <span class='ocr_line' id='line_1_27' title="bbox 141 3315 1309 3377; baseline -0.003 -12"><span class='ocrx_word' id='word_1_242' title='bbox 141 3317 208 3365; x_wconf 76' lang='lat' dir='ltr'><strong>Caeli</strong></span> <span class='ocrx_word' id='word_1_243' title='bbox 223 3318 248 3364; x_wconf 73' lang='lat' dir='ltr'>h</span> <span class='ocrx_word' id='word_1_244' title='bbox 257 3330 345 3377; x_wconf 81' lang='lat' dir='ltr'><strong>genere</strong></span> <span class='ocrx_word' id='word_1_245' title='bbox 355 3317 459 3363; x_wconf 72' lang='lat' dir='ltr'><strong>durineti</strong></span> <span class='ocrx_word' id='word_1_246' title='bbox 474 3325 537 3372; x_wconf 82' lang='lat' dir='ltr'><strong>sunt,</strong></span> <span class='ocrx_word' id='word_1_247' title='bbox 548 3330 572 3364; x_wconf 90' lang='lat' dir='ltr'><strong>n.</strong></span> <span class='ocrx_word' id='word_1_248' title='bbox 582 3319 664 3371; x_wconf 68' lang='lat'><strong>20-28,</strong></span> <span class='ocrx_word' id='word_1_249' title='bbox 676 3324 700 3363; x_wconf 85' lang='lat' dir='ltr'><strong>et</strong></span> <span class='ocrx_word' id='word_1_250' title='bbox 710 3317 734 3362; x_wconf 88' lang='lat' dir='ltr'><strong>in</strong></span> <span class='ocrx_word' id='word_1_251' title='bbox 744 3317 844 3364; x_wconf 79' lang='lat' dir='ltr'><strong>articulo</strong></span> <span class='ocrx_word' id='word_1_252' title='bbox 855 3318 887 3364; x_wconf 86' lang='lat' dir='ltr'><strong>de</strong></span> <span class='ocrx_word' id='word_1_253' title='bbox 902 3317 977 3363; x_wconf 84' lang='lat' dir='ltr'><strong>trlbus</strong></span> <span class='ocrx_word' id='word_1_254' title='bbox 987 3315 1073 3371; x_wconf 79' lang='lat' dir='ltr'><strong>Caelis.</strong></span> <span class='ocrx_word' id='word_1_255' title='bbox 1084 3328 1108 3362; x_wconf 90' lang='lat' dir='ltr'><strong>n.</strong></span> <span class='ocrx_word' id='word_1_256' title='bbox 1119 3329 1209 3375; x_wconf 72' lang='lat'>29-403</span> <span class='ocrx_word' id='word_1_257' title='bbox 1225 3318 1257 3361; x_wconf 85' lang='lat' dir='ltr'><strong>de</strong></span> <span class='ocrx_word' id='word_1_258' title='bbox 1302 3351 1309 3369; x_wconf 72' lang='lat'><strong>,</strong></span> 
     </span>
     <span class='ocr_line' id='line_1_28' title="bbox 142 3390 1257 3450; baseline -0.003 -11"><span class='ocrx_word' id='word_1_259' title='bbox 142 3392 241 3439; x_wconf 80' lang='lat' dir='ltr'><strong>influxu</strong></span> <span class='ocrx_word' id='word_1_260' title='bbox 251 3393 356 3438; x_wconf 83' lang='lat' dir='ltr'><strong>mediato</strong></span> <span class='ocrx_word' id='word_1_261' title='bbox 363 3398 387 3438; x_wconf 86' lang='lat' dir='ltr'><strong>et</strong></span> <span class='ocrx_word' id='word_1_262' title='bbox 397 3392 542 3446; x_wconf 81' lang='lat' dir='ltr'><strong>immediato,</strong></span> <span class='ocrx_word' id='word_1_263' title='bbox 551 3392 576 3437; x_wconf 85' lang='lat' dir='ltr'><strong>ln</strong></span> <span class='ocrx_word' id='word_1_264' title='bbox 586 3390 699 3439; x_wconf 71' lang='lat' dir='ltr'><strong>eoueeru</strong></span> <span class='ocrx_word' id='word_1_265' title='bbox 709 3404 740 3438; x_wconf 77' lang='lat' dir='ltr'><strong>ex</strong></span> <span class='ocrx_word' id='word_1_266' title='bbox 749 3391 855 3439; x_wconf 72' lang='lat' dir='ltr'><strong>Ananis</strong></span> <span class='ocrx_word' id='word_1_267' title='bbox 865 3392 1013 3447; x_wconf 75' lang='lat' dir='ltr'><strong>caelestibus,</strong></span> <span class='ocrx_word' id='word_1_268' title='bbox 1020 3398 1075 3450; x_wconf 78' lang='lat' dir='ltr'><strong>post</strong></span> <span class='ocrx_word' id='word_1_269' title='bbox 1085 3404 1109 3438; x_wconf 88' lang='lat' dir='ltr'><strong>n.</strong></span> <span class='ocrx_word' id='word_1_270' title='bbox 1117 3391 1175 3450; x_wconf 78' lang='lat'><strong>⁶03:</strong></span> <span class='ocrx_word' id='word_1_271' title='bbox 1191 3397 1216 3437; x_wconf 87' lang='lat' dir='ltr'><strong>et</strong></span> <span class='ocrx_word' id='word_1_272' title='bbox 1225 3391 1257 3436; x_wconf 87' lang='lat' dir='ltr'><strong>de</strong></span> 
     </span>
     <span class='ocr_line' id='line_1_29' title="bbox 142 3465 1257 3529; baseline -0.003 -15"><span class='ocrx_word' id='word_1_273' title='bbox 142 3466 252 3514; x_wconf 79' lang='lat' dir='ltr'><strong>Eoclesiit</strong></span> <span class='ocrx_word' id='word_1_274' title='bbox 272 3467 443 3525; x_wconf 77' lang='lat' dir='ltr'><strong>Antiquissima</strong></span> <span class='ocrx_word' id='word_1_275' title='bbox 457 3472 482 3513; x_wconf 87' lang='lat' dir='ltr'><strong>et</strong></span> <span class='ocrx_word' id='word_1_276' title='bbox 490 3466 605 3524; x_wconf 79' lang='lat' dir='ltr'><strong>Antiqua,</strong></span> <span class='ocrx_word' id='word_1_277' title='bbox 613 3466 638 3512; x_wconf 90' lang='lat' dir='ltr'><strong>lu</strong></span> <span class='ocrx_word' id='word_1_278' title='bbox 648 3465 765 3526; x_wconf 79' lang='lat' dir='ltr'><strong>opusculo</strong></span> <span class='ocrx_word' id='word_1_279' title='bbox 776 3466 815 3512; x_wconf 80' lang='lat' dir='ltr'><strong>De</strong></span> <span class='ocrx_word' id='word_1_280' title='bbox 828 3466 918 3514; x_wconf 68' lang='lat' dir='ltr'><strong>vinno</strong></span> <span class='ocrx_word' id='word_1_281' title='bbox 930 3465 1033 3529; x_wconf 77' lang='lat' dir='ltr'><strong>Judicr&#39;o</strong></span> <span class='ocrx_word' id='word_1_282' title='bbox 1041 3470 1066 3512; x_wconf 79' lang='lat' dir='ltr'><strong>et</strong></span> <span class='ocrx_word' id='word_1_283' title='bbox 1074 3465 1208 3525; x_wconf 70' lang='lat' dir='ltr'><strong>Babylonia</strong></span> <span class='ocrx_word' id='word_1_284' title='bbox 1218 3466 1257 3511; x_wconf 72' lang='lat' dir='ltr'><strong>dr·</strong></span> 
     </span>
     <span class='ocr_line' id='line_1_30' title="bbox 141 3539 335 3601; baseline -0.01 -13"><span class='ocrx_word' id='word_1_285' title='bbox 141 3543 239 3596; x_wconf 66' lang='lat' dir='ltr'><strong>aneia,</strong></span> <span class='ocrx_word' id='word_1_286' title='bbox 250 3554 274 3588; x_wconf 88' lang='lat' dir='ltr'><strong>n.</strong></span> <span class='ocrx_word' id='word_1_287' title='bbox 285 3539 335 3601; x_wconf 74' lang='lat'>46.)</span> 
     </span>
    </p>
   </div>
   <div class='ocr_carea' id='block_1_7' title="bbox 140 3645 1256 4506">
    <p class='ocr_par' dir='ltr' id='par_1_7' title="bbox 140 3645 1256 4506">
     <span class='ocr_line' id='line_1_31' title="bbox 198 3645 1256 3733; baseline -0.001 -23"><span class='ocrx_word' id='word_1_288' title='bbox 198 3665 242 3733; x_wconf 71' lang='lat'><strong>5.</strong></span> <span class='ocrx_word' id='word_1_289' title='bbox 275 3647 371 3712; x_wconf 89' lang='lat' dir='ltr'><strong>Haec</strong></span> <span class='ocrx_word' id='word_1_290' title='bbox 390 3649 433 3711; x_wconf 88' lang='lat' dir='ltr'><strong>de</strong></span> <span class='ocrx_word' id='word_1_291' title='bbox 452 3647 552 3711; x_wconf 89' lang='lat' dir='ltr'><strong>Novo</strong></span> <span class='ocrx_word' id='word_1_292' title='bbox 568 3646 694 3725; x_wconf 84' lang='lat' dir='ltr'><strong>Caelo;</strong></span> <span class='ocrx_word' id='word_1_293' title='bbox 718 3667 806 3710; x_wconf 89' lang='lat' dir='ltr'><strong>nunc</strong></span> <span class='ocrx_word' id='word_1_294' title='bbox 826 3647 952 3730; x_wconf 91' lang='lat' dir='ltr'><strong>aliquid</strong></span> <span class='ocrx_word' id='word_1_295' title='bbox 970 3647 1013 3712; x_wconf 91' lang='lat' dir='ltr'><strong>de</strong></span> <span class='ocrx_word' id='word_1_296' title='bbox 1032 3646 1131 3711; x_wconf 91' lang='lat' dir='ltr'><strong>Nova</strong></span> <span class='ocrx_word' id='word_1_297' title='bbox 1149 3645 1256 3711; x_wconf 91' lang='lat' dir='ltr'><strong>Terra</strong></span> 
     </span>
     <span class='ocr_line' id='line_1_32' title="bbox 142 3755 1256 3838; baseline -0.004 -17"><span class='ocrx_word' id='word_1_298' title='bbox 142 3757 282 3823; x_wconf 89' lang='lat' dir='ltr'><strong>dicetur.</strong></span> <span class='ocrx_word' id='word_1_299' title='bbox 326 3755 389 3821; x_wconf 86' lang='lat' dir='ltr'><strong>Per</strong></span> <span class='ocrx_word' id='word_1_300' title='bbox 414 3763 568 3820; x_wconf 88' lang='lat' dir='ltr'><strong>“novam</strong></span> <span class='ocrx_word' id='word_1_301' title='bbox 595 3766 720 3821; x_wconf 89' lang='lat' dir='ltr'><strong>terram</strong></span> <span class='ocrx_word' id='word_1_302' title='bbox 729 3756 744 3781; x_wconf 89' lang='lat'><strong>’&#39;</strong></span> <span class='ocrx_word' id='word_1_303' title='bbox 767 3755 969 3838; x_wconf 89' lang='lat' dir='ltr'><strong>intelligitur</strong></span> <span class='ocrx_word' id='word_1_304' title='bbox 995 3756 1085 3820; x_wconf 87' lang='lat' dir='ltr'><strong>nova</strong></span> <span class='ocrx_word' id='word_1_305' title='bbox 1110 3755 1256 3821; x_wconf 90' lang='lat' dir='ltr'><strong>ecclesia</strong></span> 
     </span>
     <span class='ocr_line' id='line_1_33' title="bbox 142 3864 1254 3948; baseline 0 -20"><span class='ocrx_word' id='word_1_306' title='bbox 142 3866 174 3930; x_wconf 92' lang='lat' dir='ltr'><strong>in</strong></span> <span class='ocrx_word' id='word_1_307' title='bbox 201 3867 311 3941; x_wconf 88' lang='lat' dir='ltr'><strong>terris,</strong></span> <span class='ocrx_word' id='word_1_308' title='bbox 333 3885 413 3929; x_wconf 90' lang='lat' dir='ltr'><strong>nam</strong></span> <span class='ocrx_word' id='word_1_309' title='bbox 437 3885 513 3930; x_wconf 94' lang='lat' dir='ltr'><strong>cum</strong></span> <span class='ocrx_word' id='word_1_310' title='bbox 540 3867 630 3948; x_wconf 91' lang='lat' dir='ltr'><strong>prior</strong></span> <span class='ocrx_word' id='word_1_311' title='bbox 655 3864 802 3929; x_wconf 91' lang='lat' dir='ltr'><strong>ecclesia</strong></span> <span class='ocrx_word' id='word_1_312' title='bbox 828 3866 952 3929; x_wconf 90' lang='lat' dir='ltr'><strong>desinit</strong></span> <span class='ocrx_word' id='word_1_313' title='bbox 982 3885 1067 3941; x_wconf 89' lang='lat' dir='ltr'><strong>esse,</strong></span> <span class='ocrx_word' id='word_1_314' title='bbox 1094 3874 1176 3929; x_wconf 95' lang='lat' dir='ltr'><strong>tunc</strong></span> <span class='ocrx_word' id='word_1_315' title='bbox 1203 3865 1254 3928; x_wconf 93' lang='lat' dir='ltr'><strong>in-</strong></span> 
     </span>
     <span class='ocr_line' id='line_1_34' title="bbox 143 3972 1256 4058; baseline -0.002 -19"><span class='ocrx_word' id='word_1_316' title='bbox 143 3985 313 4039; x_wconf 86' lang='lat' dir='ltr'><strong>stauratur</strong></span> <span class='ocrx_word' id='word_1_317' title='bbox 330 3995 351 4038; x_wconf 91' lang='lat' dir='ltr'><strong>a</strong></span> <span class='ocrx_word' id='word_1_318' title='bbox 370 3974 520 4038; x_wconf 93' lang='lat' dir='ltr'><strong>Domino</strong></span> <span class='ocrx_word' id='word_1_319' title='bbox 538 3995 645 4038; x_wconf 91' lang='lat' dir='ltr'><strong>nova:</strong></span> <span class='ocrx_word' id='word_1_320' title='bbox 677 3974 873 4058; x_wconf 87' lang='lat' dir='ltr'><strong>providetur</strong></span> <span class='ocrx_word' id='word_1_321' title='bbox 890 3974 980 4038; x_wconf 90' lang='lat' dir='ltr'><strong>enim</strong></span> <span class='ocrx_word' id='word_1_322' title='bbox 1003 3994 1023 4037; x_wconf 93' lang='lat' dir='ltr'><strong>a</strong></span> <span class='ocrx_word' id='word_1_323' title='bbox 1046 3972 1195 4037; x_wconf 93' lang='lat' dir='ltr'><strong>Domino</strong></span> <span class='ocrx_word' id='word_1_324' title='bbox 1217 3983 1256 4037; x_wconf 94' lang='lat' dir='ltr'><strong>ut</strong></span> 
     </span>
     <span class='ocr_line' id='line_1_35' title="bbox 143 4083 1255 4169; baseline -0.002 -20"><span class='ocrx_word' id='word_1_325' title='bbox 143 4104 276 4169; x_wconf 87' lang='lat' dir='ltr'><strong>semper</strong></span> <span class='ocrx_word' id='word_1_326' title='bbox 294 4084 440 4149; x_wconf 86' lang='lat' dir='ltr'><strong>ecclesia</strong></span> <span class='ocrx_word' id='word_1_327' title='bbox 461 4086 506 4150; x_wconf 93' lang='lat' dir='ltr'><strong>sit</strong></span> <span class='ocrx_word' id='word_1_328' title='bbox 525 4086 558 4149; x_wconf 95' lang='lat' dir='ltr'><strong>in</strong></span> <span class='ocrx_word' id='word_1_329' title='bbox 582 4085 691 4159; x_wconf 91' lang='lat' dir='ltr'><strong>terris,</strong></span> <span class='ocrx_word' id='word_1_330' title='bbox 712 4103 791 4148; x_wconf 93' lang='lat' dir='ltr'><strong>nam</strong></span> <span class='ocrx_word' id='word_1_331' title='bbox 814 4104 874 4167; x_wconf 88' lang='lat' dir='ltr'><strong>per</strong></span> <span class='ocrx_word' id='word_1_332' title='bbox 891 4083 1072 4147; x_wconf 89' lang='lat' dir='ltr'><strong>ecclesiam</strong></span> <span class='ocrx_word' id='word_1_333' title='bbox 1095 4093 1148 4148; x_wconf 91' lang='lat' dir='ltr'><strong>est</strong></span> <span class='ocrx_word' id='word_1_334' title='bbox 1172 4103 1255 4148; x_wconf 92' lang='lat' dir='ltr'><strong>con·</strong></span> 
     </span>
     <span class='ocr_line' id='line_1_36' title="bbox 140 4194 1254 4281; baseline 0.001 -21"><span class='ocrx_word' id='word_1_335' title='bbox 140 4194 267 4277; x_wconf 66' lang='lat' dir='ltr'><strong>junctio</strong></span> <span class='ocrx_word' id='word_1_336' title='bbox 286 4196 423 4260; x_wconf 92' lang='lat' dir='ltr'><strong>Domini</strong></span> <span class='ocrx_word' id='word_1_337' title='bbox 442 4216 519 4262; x_wconf 94' lang='lat' dir='ltr'><strong>cum</strong></span> <span class='ocrx_word' id='word_1_338' title='bbox 537 4197 688 4261; x_wconf 92' lang='lat' dir='ltr'><strong>humano</strong></span> <span class='ocrx_word' id='word_1_339' title='bbox 709 4218 836 4281; x_wconf 91' lang='lat' dir='ltr'><strong>genere</strong></span> <span class='ocrx_word' id='word_1_340' title='bbox 853 4217 893 4261; x_wconf 92' lang='lat' dir='ltr'><strong>ac</strong></span> <span class='ocrx_word' id='word_1_341' title='bbox 913 4197 999 4261; x_wconf 90' lang='lat' dir='ltr'><strong>caeli</strong></span> <span class='ocrx_word' id='word_1_342' title='bbox 1017 4216 1093 4261; x_wconf 92' lang='lat' dir='ltr'><strong>cum</strong></span> <span class='ocrx_word' id='word_1_343' title='bbox 1116 4198 1254 4273; x_wconf 91' lang='lat' dir='ltr'><strong>mundo,</strong></span> 
     </span>
     <span class='ocr_line' id='line_1_37' title="bbox 143 4309 1256 4396; baseline -0.001 -23"><span class='ocrx_word' id='word_1_344' title='bbox 143 4311 185 4376; x_wconf 92' lang='lat' dir='ltr'><strong>ibi</strong></span> <span class='ocrx_word' id='word_1_345' title='bbox 211 4313 304 4377; x_wconf 93' lang='lat' dir='ltr'><strong>enim</strong></span> <span class='ocrx_word' id='word_1_346' title='bbox 326 4319 380 4375; x_wconf 93' lang='lat' dir='ltr'><strong>est</strong></span> <span class='ocrx_word' id='word_1_347' title='bbox 408 4311 575 4374; x_wconf 88' lang='lat' dir='ltr'><strong>Dominus</strong></span> <span class='ocrx_word' id='word_1_348' title='bbox 597 4320 709 4396; x_wconf 88' lang='lat' dir='ltr'><strong>notus,</strong></span> <span class='ocrx_word' id='word_1_349' title='bbox 726 4319 763 4375; x_wconf 95' lang='lat' dir='ltr'><strong>et</strong></span> <span class='ocrx_word' id='word_1_350' title='bbox 781 4311 826 4375; x_wconf 92' lang='lat' dir='ltr'><strong>ibi</strong></span> <span class='ocrx_word' id='word_1_351' title='bbox 849 4320 928 4375; x_wconf 93' lang='lat' dir='ltr'><strong>sunt</strong></span> <span class='ocrx_word' id='word_1_352' title='bbox 951 4309 1075 4373; x_wconf 90' lang='lat' dir='ltr'><strong>Divina</strong></span> <span class='ocrx_word' id='word_1_353' title='bbox 1093 4329 1174 4373; x_wconf 88' lang='lat' dir='ltr'><strong>vera</strong></span> <span class='ocrx_word' id='word_1_354' title='bbox 1196 4330 1256 4393; x_wconf 92' lang='lat' dir='ltr'><strong>per</strong></span> 
     </span>
     <span class='ocr_line' id='line_1_38' title="bbox 144 4419 1254 4506; baseline -0.006 -18"><span class='ocrx_word' id='word_1_355' title='bbox 144 4441 226 4506; x_wconf 87' lang='lat' dir='ltr'><strong>quae</strong></span> <span class='ocrx_word' id='word_1_356' title='bbox 244 4421 351 4487; x_wconf 91' lang='lat' dir='ltr'><strong>homo</strong></span> <span class='ocrx_word' id='word_1_357' title='bbox 370 4419 604 4504; x_wconf 85' lang='lat' dir='ltr'><strong>conjungitur:</strong></span> <span class='ocrx_word' id='word_1_358' title='bbox 628 4420 719 4504; x_wconf 88' lang='lat' dir='ltr'><strong>quod</strong></span> <span class='ocrx_word' id='word_1_359' title='bbox 737 4419 839 4486; x_wconf 85' lang='lat' dir='ltr'><strong>hodie</strong></span> <span class='ocrx_word' id='word_1_360' title='bbox 854 4439 944 4485; x_wconf 89' lang='lat' dir='ltr'><strong>nova</strong></span> <span class='ocrx_word' id='word_1_361' title='bbox 962 4419 1107 4485; x_wconf 88' lang='lat' dir='ltr'><strong>ecclesia</strong></span> <span class='ocrx_word' id='word_1_362' title='bbox 1124 4419 1254 4484; x_wconf 90' lang='lat' dir='ltr'><strong>instau-</strong></span> 
     </span>
    </p>
   </div>
   <div class='ocr_carea' id='block_1_8' title="bbox 0 0 1406 5040">
    <p class='ocr_par' dir='ltr' id='par_1_8' title="bbox 0 0 1406 5040">
     <span class='ocr_line' id='line_1_39' title="bbox 0 0 1406 5040; baseline 0 0"><span class='ocrx_word' id='word_1_363' title='bbox 0 0 1406 5040; x_wconf 95' lang='lat' dir='ltr'><strong> </strong></span> 
     </span>
    </p>
   </div>
  </div>
 </body>
</html>
