2776 5040
138 463 196 529 168
453 477 505 529 on
526 474 632 527 uovn
654 474 929 528 manosotvua

134 648 329 722 humanum,
342 648 432 731 quod
451 647 576 731 alioqui
595 648 749 730 periisset
769 658 880 712 morte
896 658 1057 727 aeterna;
1081 657 1120 714 et
1139 670 1205 733 per
1221 648 1254 714 id

134 742 290 815 salvavit,
301 743 391 825 quod
403 741 632 824 subjugaverit
641 742 780 816 inferna,
791 762 877 825 quae
889 742 1099 807 infestabant
1112 762 1252 809 omnem
1273 776 1276 781 ·

134 835 308 899 hominem
331 835 525 899 venientem
548 836 581 898 in
605 835 766 898 mundum
790 846 825 900 et
848 845 1034 899 exeuntem
1058 857 1077 900 e
1101 837 1250 912 mundo;

134 941 170 993 et
193 929 291 992 simul
315 949 374 1011 per
394 930 439 1004 id,
459 930 549 1012 quod
572 928 810 1011 glorificaverit
836 929 1031 993 Humanum
1055 949 1176 1009 suum;
1203 932 1249 994 sic

134 1025 224 1087 enim
239 1023 369 1087 inferna
383 1034 500 1106 potest
517 1034 634 1088 tenere
649 1021 830 1105 subjugata
845 1024 879 1088 in
895 1034 1082 1087 aeternum.
1129 1022 1248 1106 Subju·

133 1119 229 1200 gatio
244 1118 459 1192 infernorum,
472 1128 507 1182 et
524 1117 623 1181 simul
639 1116 843 1199 glorificatio
857 1118 1006 1181 Humani
1023 1118 1146 1200 Ipsius,
1162 1116 1247 1183 fabia

134 1222 188 1276 est
211 1232 271 1294 per
289 1214 500 1276 tentationes
522 1215 556 1277 in
579 1212 775 1288 humanum,
796 1212 886 1294 quod
910 1212 952 1275 Ei
975 1213 1037 1276 fuit
1060 1233 1106 1276 ex
1128 1223 1245 1285 matre,

133 1307 310 1380 admissas,
327 1316 363 1369 et
383 1327 442 1388 per
460 1307 639 1371 continuas
655 1314 736 1369 tunc
752 1290 929 1369 viitor'ias:
954 1307 1069 1388 passio
1088 1306 1198 1389 Ipsius
1215 1308 1245 1370 in

134 1420 234 1465 cruce
250 1400 310 1464 fuit
330 1401 450 1464 ultima
469 1403 618 1465 tentatio
636 1409 672 1463 et
691 1399 793 1480 plena
811 1398 960 1465 vidioria.

192 1506 292 1574 294·
316 1491 418 1573 Quod
442 1492 610 1555 Dominus
632 1491 865 1572 subjugaverit
887 1492 1018 1555 inferna
1039 1492 1146 1558 docet
1172 1495 1247 1576 lpse

134 1583 223 1664 apud
247 1583 459 1659 Jahannem,·
488 1603 565 1649 cum
592 1585 744 1647 instabat
771 1585 884 1665 passio
906 1585 1025 1659 crucis,
1050 1595 1134 1649 tunc
1161 1586 1246 1649 dixit

132 1676 240 1758 Jesus,

168 1810 269 1860 “Nunc
282 1810 408 1873 judicium
424 1820 465 1860 est
479 1811 571 1860 mundi
586 1810 681 1873 hujus;
701 1825 773 1859 nunc
787 1811 911 1874 princeps
925 1810 1018 1861 mundi
1035 1811 1119 1875 huius
1134 1812 1248 1876 ejicietur

264 1876 336 1925 foras
345 1876 359 1894 ”
371 1876 425 1938 (xii.
439 1887 477 1936 27,
491 1877 529 1934 28,
542 1877 600 1938 31);

134 1989 224 2072 apud
243 1990 399 2065 eundem,

386 2091 400 2112 ‘⁸
411 2088 553 2148 confidite,
566 2088 624 2151 Ego
635 2089 686 2138 vici
701 2089 830 2138 mundum
838 2087 853 2107 ''
865 2089 927 2149 (Μ
940 2087 1000 2150 ³3);

134 2202 170 2257 et
189 2193 278 2275 apud
296 2192 449 2268 Esaiam,

184 2302 272 2366 “Quis
285 2302 329 2351 hic
340 2303 415 2352 venit
426 2317 460 2351 ex
475 2301 573 2352 Edom.
583 2339 589 2352 .
599 2339 606 2352 .
616 2303 639 2352 ‚i
655 2299 782 2351 incedens
795 2302 821 2350 in
837 2301 1007 2351 multitudine
1019 2303 1126 2354 roboris
1139 2305 1201 2363 sui..
1210 2342 1216 2355 .
1224 2341 1245 2354 ..

267 2382 380 2429 magnus
394 2369 428 2416 ad
443 2367 602 2416 salvandum
614 2382 632 2425 ;.
643 2368 800 2416 ...salutem
816 2368 947 2429 praestitit
963 2366 1030 2417 Mihi
1045 2369 1186 2419 bmehium
1200 2384 1250 2419 me·

265 2447 320 2490 um;
333 2433 393 2481 ideo
403 2429 489 2482 latius
499 2442 540 2482 est
550 2433 602 2481 illis
612 2434 638 2481 in
647 2431 831 2482 Salvatorem”
837 2428 1015 2494 (lxiiil111-19:
1028 2447 1086 2495 cap.
1093 2434 1139 2484 lix.
1149 2436 1241 2495 16—21).

136 2562 236 2644 Quod
256 2563 496 2644 glorificaverit
514 2563 708 2626 Humanum
726 2583 832 2637 suum,
850 2573 886 2626 et
904 2564 994 2644 quod
1014 2566 1129 2646 passio
1146 2567 1249 2629 crucis

136 2658 232 2720 suerit
257 2658 375 2719 ultima
399 2658 548 2720 tentatio
571 2668 606 2719 et
629 2657 731 2738 plena
749 2654 898 2730 vidioria,
920 2676 979 2738 per
1001 2677 1104 2739 quam
1123 2657 1248 2740 glorifi-

135 2761 234 2815 catus
253 2759 317 2825 est,
338 2751 440 2814 docet
460 2751 564 2813 etiam
583 2750 672 2831 apud
691 2750 891 2825 Johannem,

186 2884 329 2948 Postquam
340 2884 422 2949 Judas
431 2885 521 2942 exivit,
531 2885 597 2933 dixit
606 2883 692 2948 Jesus,
701 2886 715 2907 ‘⁸
723 2883 800 2933 Nunc
809 2884 971 2946 glorificatus
981 2894 1022 2933 est
1033 2883 1115 2934 Filius
1124 2885 1248 2935 hominis.

265 2949 611 3076 sumf'ttiriiizffoiaiiiabit
621 2948 713 3011 Ipsum
726 2949 752 2997 in
766 2949 800 2998 Se
811 2948 883 3011 Ipso,
892 2958 918 2998 et
931 2950 1021 2998 statim
1033 2949 1195 3012 glorificabit
1208 2949 1250 3014 Ip-

135 3118 224 3200 apud
244 3119 400 3189 eundem,

185 3229 200 3250 ⁴·
211 3226 297 3340 Pate?
308 3227 380 3352 sepit
390 3227 458 3303 bora
467 3241 485 3353 ;)
490 3226 610 3289 glorifica
622 3225 718 3275 Filium
730 3234 813 3284 tuum,
823 3235 852 3275 ut
864 3226 944 3275 etiam
956 3225 1038 3276 Filius
1050 3237 1112 3277 tuus
1120 3228 1251 3291 glorificet

290 3306 305 3339 e
352 3306 413 3341 xvn.
430 3305 449 3350 1,
461 3305 473 3351 5
498 3307 504 3351 ;

137 3394 225 3476 apud
245 3393 400 3469 eundem,

186 3505 201 3526 ⁴¹
211 3502 289 3551 Nunc
300 3503 390 3551 anima
400 3518 460 3552 mea
469 3505 575 3553 turbata
583 3513 624 3553 est
634 3519 652 3561 ς.
662 3541 669 3554 .
679 3542 685 3554 .
696 3504 788 3554 .Pater
799 3505 918 3566 glorifica
930 3514 1003 3554 tuum
1014 3520 1129 3556 nomen:
1148 3517 1176 3557 et
1187 3508 1252 3557 exiit

266 3583 319 3627 vox
331 3583 346 3617 e
357 3569 438 3626 caelo,
453 3568 486 3617 Et
496 3569 642 3631 glorificavi
655 3579 681 3619 et
693 3585 784 3619 rursus
796 3570 950 3632 glorificabo
958 3570 971 3589 ’⁸
984 3570 1039 3631 (xii.
1052 3582 1092 3631 27,
1105 3573 1148 3633 28)
1160 3587 1167 3630 3

137 3691 172 3745 et
188 3682 277 3762 apud
296 3680 429 3756 Lucam,

187 3796 201 3817 ‘¹
210 3793 307 3843 Nonne
316 3795 366 3842 hoc
375 3796 514 3856 oportebat
523 3796 578 3858 pati
586 3795 730 3854 Christum,
738 3806 764 3845 et
774 3797 877 3859 ingredi
888 3797 915 3845 in
925 3797 1037 3859 gloriam
1045 3797 1072 3848 i”
1081 3797 1165 3860 (xxiv.
1173 3796 1252 3862 1¹126.)

141 3924 236 3988 Haec
253 3923 343 3988 dieta
359 3936 438 3989 sunt
456 3925 497 3990 de
515 3928 670 4008 passione
684 3928 811 4009 Ipsius:
834 3928 1050 4010 “glorificare
1058 3929 1073 3953 ”
1086 3941 1140 3994 est
1158 3931 1251 3996 Divi·

138 4038 217 4081 num
231 4019 349 4081 iacere.
382 4020 465 4082 Inde
482 4039 569 4083 nunc
585 4031 721 4084 constat
735 4024 825 4104 quod
842 4025 904 4085 nisi
921 4023 1087 4087 Dominus
1103 4027 1138 4088 in
1155 4046 1251 4090 mun·

138 4113 217 4175 dum
234 4114 364 4176 venerit
380 4124 414 4176 et
434 4114 548 4177 Homo
567 4113 672 4178 ladius
692 4117 747 4190 sit,
765 4127 800 4180 et
820 4138 860 4179 eo
880 4119 982 4180 modo
999 4116 1194 4186 liberaverit
1210 4125 1252 4186 ab

138 4208 268 4270 inferno
283 4226 401 4270 omnes
417 4207 493 4270 illos
509 4210 565 4290 qui
581 4211 724 4274 credunt
741 4212 773 4272 in
791 4211 917 4292 Ipsum,
936 4223 970 4275 et
987 4224 1105 4277 amant
1124 4215 1250 4298 Ipsum.

139 4298 249 4362 nullus
278 4302 471 4363 mortalium
501 4301 623 4365 salvari
650 4306 818 4386 potuerit:
852 4307 900 4368 ita
930 4306 1133 4389 intelligitur
1160 4312 1250 4392 quod

138 4394 264 4476 absque
284 4395 433 4458 Domino
452 4396 546 4460 nulla
560 4397 662 4460 salus.
