2776 5040
136 472 173 521 12
407 467 584 520 CANONES
605 464 736 519 NOVAE
757 466 975 520 ECCLESIAE.

476 792 635 859 CAPUT
668 788 903 858 TERTIUM.

50 1092 56 1103 .
132 1012 189 1076 Du
212 1012 441 1076 Iumurrarn
463 1008 544 1074 Dur.

199 1229 224 1276 1.
256 1211 358 1294 Quod
383 1211 487 1285 Deus,
507 1212 666 1294 quoniam
688 1219 771 1274 ante
795 1209 958 1273 mundum
981 1208 1054 1283 suit,
1078 1209 1126 1274 ita
1147 1218 1240 1273 ante·

341 1325 443 1390 quam
463 1306 574 1389 spatia
593 1314 628 1369 et
649 1314 806 1388 tempora
821 1303 966 1378 suerunt,
986 1305 1030 1368 sit
1049 1303 1204 1369 infinitus.

195 1434 223 1482 2.
257 1416 359 1499 Quod
378 1417 481 1489 Deus,
495 1418 654 1500 quoniam
667 1426 720 1480 est
737 1425 773 1480 et
786 1415 907 1481 existit
922 1415 955 1479 in
968 1413 1024 1492 Se,
1039 1426 1075 1481 et
1087 1419 1200 1480 omnia
1213 1418 1243 1480 in

343 1512 471 1576 mundo
489 1522 568 1575 sunt
588 1522 624 1575 et
642 1512 797 1575 existunt
814 1511 860 1574 ab
878 1510 969 1593 Ipso,
990 1510 1143 1576 infinitus
1161 1513 1213 1575 sit.

196 1641 224 1705 3.
257 1621 359 1706 Quod
383 1624 487 1697 Deus.
508 1624 667 1707 quoniam
691 1631 874 1707 postquam
897 1623 1044 1686 mundus
1067 1620 1176 1687 l'aftus
1197 1632 1247 1687 est

344 1719 377 1781 in
397 1719 509 1801 spatio
528 1727 581 1782 est
600 1719 727 1801 absque
744 1718 868 1800 spatio,
887 1727 924 1782 et
944 1716 977 1780 in
998 1727 1156 1801 tempore
1174 1720 1247 1782 abs·

344 1833 409 1895 que
426 1822 592 1895 tempore,
603 1811 756 1875 infinitus
771 1812 825 1875 sit.

196 1943 226 2005 4.
260 1923 361 2006 Quod
381 1925 485 2000 Deus,
506 1927 665 2008 quonlam
688 1935 743 1989 est
766 1944 868 1990 omne
890 1925 924 1988 in
946 1927 1104 1989 omnibus
1124 1928 1248 2000 mundi.

345 2028 381 2082 et
398 2020 432 2082 in
449 2021 563 2102 specie
577 2038 680 2083 omne
695 2021 729 2083 in
745 2020 902 2083 omnibus
916 2020 1004 2084 caeli
1019 2030 1055 2084 et
1072 2021 1250 2097 ecclesiae,

344 2112 495 2176 infinitus
512 2115 567 2177 sit.

200 2235 226 2302 5.
257 2218 359 2302 Quod
373 2219 527 2285 Infinitas
540 2223 605 2286 Dei
618 2222 926 2305 correspondenter
937 2222 982 2285 ad
994 2224 1107 2306 spatia
1119 2223 1253 2288 dicatur

346 2315 583 2393 Immensitas;
615 2327 651 2381 et
676 2317 769 2399 quod
796 2314 979 2380 ¹¹¹lnfinitas
1005 2317 1116 2398 Ipsius
1139 2337 1252 2382 corre·

344 2409 555 2491 spondenter
569 2411 613 2474 ad
632 2422 790 2493 tempora
805 2411 939 2475 dicatur
954 2410 1168 2475 Aeternitas.

195 2519 226 2582 6.
260 2518 361 2601 Quod
381 2524 520 2584 tametsi
545 2522 610 2585 Dei
635 2522 853 2585 Immensitas
869 2532 923 2586 est
942 2525 1255 2605 correspondenter

345 2616 389 2677 ad
400 2617 521 2697 spatia,
532 2636 571 2679 ac
581 2617 782 2680 Aeternitas
793 2618 1101 2698 correspondenter
1111 2619 1154 2680 ad
1164 2628 1254 2681 tem·

346 2730 440 2791 pora,
457 2730 561 2792 usque
581 2711 662 2773 nihil
680 2712 780 2792 spatii
800 2712 833 2773 in
850 2709 932 2790 Ejus
949 2711 1201 2787 Immensitate,
1219 2722 1254 2775 et

346 2804 428 2867 nihil
446 2807 609 2887 temporis
628 2808 661 2868 iu
681 2805 763 2886 Ejus
783 2805 1004 2868 Aeternitate
1024 2808 1078 2869 sit.

197 2930 226 2996 7.
261 2915 362 2997 Quod
388 2938 447 2998 per
471 2918 745 2981 Immensitatem
766 2918 829 2980 Dei
853 2916 1065 2999 intelligatur
1082 2918 1256 2983 Divinitas

348 3011 455 3092 Ipsius
473 3013 584 3093 quoad
605 3012 711 3089 Esse;
736 3022 771 3075 et
790 3032 849 3094 per
869 3011 1137 3087 Aeternitatem‚
1159 3012 1255 3078 Divi·

349 3107 437 3167 nitas
462 3106 569 3186 Ipsius
593 3107 704 3188 quoad
728 3106 908 3183 Existere;
940 3114 1120 3188 utrumque
1148 3109 1181 3170 in
1207 3129 1255 3182 se,

346 3220 404 3261 seu
423 3202 456 3261 in
477 3200 565 3281 Ipso.

198 3305 226 3368 8.
259 3305 360 3386 Quod
381 3328 481 3370 omne
501 3319 653 3371 creatum
672 3310 715 3371 sit
735 3307 886 3385 linitum;
914 3318 948 3371 et
967 3307 1059 3391 quod
1079 3308 1258 3376 Infinitum

347 3404 390 3465 sit
410 3404 443 3464 in
463 3403 576 3477 finitis,
597 3414 633 3466 ut
653 3406 686 3465 in
707 3405 775 3465 suis
794 3402 1029 3485 receptaculis.

197 3529 227 3593 9.
259 3512 359 3594 Quod
383 3516 496 3596 angeli
523 3527 558 3579 et
586 3516 752 3590 homines
776 3517 854 3599 quia
878 3527 955 3579 sunt
979 3518 1085 3579 creati
1113 3528 1151 3580 et
1179 3520 1260 3583 inde

345 3608 441 3684 finiti,
463 3630 530 3672 non
550 3611 839 3692 comprehendere
860 3608 1018 3692 [²¹possint
1044 3611 1260 3677 infinitatem

347 3703 421 3778 Dei,
439 3715 474 3767 et
495 3725 561 3766 non
580 3705 688 3786 Ipsius
708 3706 981 3768 Immensitatem
1000 3716 1036 3769 et
1053 3706 1261 3773 Aeternita-

347 3805 429 3872 tem,
450 3798 567 3879 quales
587 3801 620 3860 in
640 3820 675 3861 se
696 3810 785 3862 sunt.

182 3920 227 3968 10.
261 3903 362 3986 Quod
387 3915 502 3969 tamen
522 3928 626 3989 usque
646 3907 805 3970 illustrati
825 3929 844 3969 a
864 3907 950 3979 Deo,
971 3910 1059 3972 sicut
1083 3931 1143 3991 per
1161 3922 1261 3975 tran·

347 4020 500 4075 sennam,
521 4003 635 4064 videre
655 4003 786 4083 possint
805 4003 896 4084 quod
918 4002 1011 4064 Deus
1030 4003 1183 4068 infinitus
1203 4009 1260 4071 sit.

181 4126 228 4174 11.
263 4110 364 4193 Quod
388 4114 491 4176 etiam
515 4115 629 4195 imago
658 4112 783 4177 Infiniti
811 4115 975 4195 impressa
1004 4117 1048 4178 sit
1078 4118 1261 4185 varietati-

348 4208 409 4270 bus
426 4217 461 4270 et
481 4209 782 4289 propagationibus
799 4210 831 4270 in
848 4210 995 4271 mundo:
1019 4211 1261 4291 varietatibus,

347 4302 437 4382 quod
452 4322 518 4363 non
530 4298 655 4364 ¹³¹detur
666 4302 802 4384 aliquod
816 4303 905 4365 idem
919 4324 927 4381 ;
947 4313 982 4366 et
995 4307 1262 4386 propagationi·

346 4396 408 4458 bus
431 4397 590 4458 animatis
614 4407 648 4459 et
672 4397 877 4473 inanimatis,
898 4397 989 4480 quod
1012 4396 1263 4482 multiplicatio
