2776 5040
548 455 599 506 DE
620 454 852 506 etiamtum

407 795 713 881 [annotinus]
741 795 1003 870 SECUNDUS.

141 992 254 1078 QUOD
270 1009 473 1060 SECUNDUM
488 1009 720 1060 CHARITATIS
734 1009 793 1060 SIT
815 1009 962 1060 FACERE
984 1009 1118 1062 nomm
1140 1004 1281 1060 PROX‘

264 1101 344 1153 1u0.

206 1262 292 1348 [Ex]
308 1264 637 1350 Esqu,capite12⁰;
660 1265 747 1331 etde
763 1264 886 1348 poculo
897 1275 933 1331 et
942 1267 1061 1349 patina
1070 1287 1155 1349 quae
1166 1260 1295 1330 intu?

138 1360 314 1441 purganda
329 1361 427 1440 prius.

203 1450 339 1533 Quodsi
353 1472 421 1516 non
435 1463 636 1535 purgantur,
645 1450 860 1535 ¹¹¹appareant
872 1474 977 1536 usque
987 1455 1139 1519 exterius
1152 1454 1295 1529 bona}

139 1545 229 1627 quod
251 1546 316 1609 hoc
339 1547 383 1610 sit
407 1547 630 1611 Pharisaicum
653 1568 712 1611 seu
734 1546 992 1629 hypocriticum,
1009 1546 1065 1611 vel
1086 1547 1295 1656 quoddam)

140 1639 317 1702 naturale
309 1660 342 1703 in
358 1660 425 1722 quo
440 1661 509 1705 non
525 1641 707 1723 spirituale,
724 1642 771 1704 ita
786 1641 911 1705 bonum
926 1642 1096 1723 spurium;
1118 1651 1154 1707 et
1169 1641 1196 1704 si
1216 1638 1295 1703 fit

137 1742 276 1814 propter
292 1732 448 1810 salutern,
464 1744 518 1798 est
533 1735 659 1798 bonum
674 1736 889 1799 meritorium

202 1824 270 1889 Sed
286 1826 369 1891 haec
386 1826 585 1893 illustranda
600 1838 679 1892 sunt
694 1829 728 1891 in
743 1827 807 1892 hoc
824 1829 1005 1892 ordine.—

374 1981 394 2032 1.
420 1980 492 2037 duod
500 1995 550 2034 non
569 1982 633 2034 ralla
644 1982 740 2033 mlum
752 1983 840 2034 lucan
849 1981 965 2048 proriae
977 1981 1014 2035 uit
1023 1996 1116 2035 mn
1127 1982 1204 2034 illua.

369 2075 396 2127 2.
422 2075 495 2132 duod
506 2076 570 2129 rell·
581 2075 673 2128 donum
685 2078 774 2129 {acon
782 2075 899 2144 proximo
909 2076 947 2129 eit
955 2091 1047 2129 amn
1058 2076 1138 2129 illum.

371 2170 399 2223 3.
425 2170 775 2249 Quodquantunhomonon
789 2171 843 2223 rud
853 2172 948 2223 mlum
960 2171 1185 2250 hemmingo,
1197 2176 1249 2224 tnu-

470 2241 523 2290 tum
535 2236 630 2290 volito}
639 2239 728 2290 tneor·
736 2237 828 2289 mum
839 2252 871 2290 οι
882 2236 1026 2296 civitam
1037 2241 1124 2290 utnon
1135 2237 1249 2292 nitida.

368 2332 393 2386 4.
419 2332 492 2389 duod
506 2331 565 2387 im
581 2336 714 2410 suuntur,
726 2333 796 2401 quod
808 2332 918 2400 priorum
935 2332 1072 2386 eduma
1082 2332 1121 2386 cit
1135 2337 1250 2401 apem

470 2398 508 2452 ad
516 2398 648 2451 dominum
660 2403 689 2452 at
704 2401 795 2476 iupqn
812 2400 880 2452 mutu
897 2403 928 2451 ut
940 2402 1067 2476 poeoutm
1084 2403 1113 2451 ot
1128 2398 1198 2468 quod
1209 2412 1249 2452 u·

469 2465 579 2518 cundum
591 2464 726 2518 charitatis
737 2464 775 2518 ait
785 2467 873 2518 lucan
884 2465 976 2518 bonum
984 2463 1111 2532 proxim.

139 2653 159 2703 1.
186 2652 257 2709 cuod
265 2668 315 2705 non
327 2652 391 2704 reue
404 2654 492 2704 incon
503 2652 724 2720 mulumproritno
734 2653 871 2706 adamare
881 2653 960 2705 illum.

200 2777 266 2860 Qui
278 2779 366 2842 enirn
380 2788 471 2841 amat
484 2778 638 2854 alterurn,
653 2799 720 2842 non
732 2779 811 2843 iacit
827 2780 874 2842 illi
889 2777 1034 2858 malum3
1057 2778 1141 2844 dicit
1153 2779 1250 2844 etiam

139 2872 260 2935 Paulus
263 2872 373 2954 ,quod
390 2874 444 2954 qui
460 2883 551 2936 amat
568 2875 770 2954 proximum,
783 2884 895 2936 servet
911 2883 1132 2954 praeceptum
1145 2873 1250 2937 Deca-

135 2965 215 3048 logi,
232 2986 299 3029 non
320 2966 393 3029 vult
415 2967 580 3041 occidere,
597 2986 665 3029 non
681 2967 753 3030 vult
740 2969 917 3031 tscortari
939 2986 1014 3030 curn
1037 2987 1146 3030 uxore
1169 2965 1250 3029 alte·

134 3061 211 3136 rius,
236 3080 303 3123 non
326 3060 399 3123 vult
422 3060 529 3134 iurari,
553 3080 621 3123 non
644 3059 763 3123 salsum
787 3071 910 3124 testem
933 3061 1003 3141 agit
1016 3081 1024 3138 ;
1047 3080 1152 3142 quare
1174 3059 1251 3122 dicit

137 3153 227 3235 quod
250 3153 426 3235 plenitudo
442 3153 526 3236 legis
542 3155 585 3216 sit
602 3154 756 3217 charitas.
801 3153 868 3218 Sed
884 3155 1054 3237 quaeritur
1069 3153 1150 3236 quid
1166 3152 1251 3234 prius

134 3258 171 3311 et
197 3247 276 3329 quid
306 3249 483 3328 posterius,
507 3266 586 3309 num
610 3249 699 3329 prius
721 3248 765 3310 sit
788 3248 1127 3333 amareproximum,
1151 3257 1188 3311 et
1209 3265 1250 3309 ex

134 3360 249 3404 amore
265 3340 323 3404 illo
338 3340 396 3404 illa
411 3361 479 3404 non
502 3341 621 3416 iacere,
638 3340 692 3403 vel
708 3360 787 3403 num
810 3342 899 3423 prius
915 3340 972 3404 illa
987 3340 1078 3403 mala
1099 3361 1120 3404 a
1143 3360 1180 3404 se
1202 3360 1251 3403 re·

135 3453 281 3509 movere,
298 3444 333 3497 et
356 3436 403 3499 sic
427 3455 538 3498 amare
562 3435 762 3515 proximum.
813 3435 889 3498 Hoc
913 3435 1050 3498 evidens
1074 3444 1139 3510 est,
1163 3434 1250 3517 quod

135 3529 190 3610 qui
219 3537 313 3591 amat
336 3529 527 3609 proximum
551 3528 607 3591 illa
637 3548 704 3591 non
734 3528 844 3592 saciat.
889 3527 955 3592 Sed
979 3529 1251 3610 quaeriturque·

135 3621 237 3684 modo
259 3622 332 3703 quis
355 3632 470 3703 potest
493 3642 605 3685 amare
628 3623 829 3703 proximum,
845 3642 924 3685 num
948 3622 1055 3702 possit
1070 3630 1252 3704 antequam

135 3715 192 3778 illa
204 3713 293 3778 mala
305 3715 401 3797 sugit,
414 3725 449 3779 et
462 3725 591 3797 pugnat
604 3726 724 3779 contra
736 3715 802 3779 illa.
846 3715 1002 3797 Apparet
1015 3715 1102 3779 sicut
1114 3714 1188 3796 ipse
1200 3714 1253 3776 ille

135 3828 229 3872 amor
251 3819 401 3890 pugnat3
431 3818 467 3872 et
490 3820 630 3891 pugnat,
654 3809 714 3872 sed
737 3829 804 3872 non
828 3809 1016 3891 priusquam
1040 3826 1117 3871 curn
1140 3809 1176 3872 in
1198 3808 1252 3871 illo

136 3912 210 3981 est;
233 3903 292 3965 sed
309 3903 399 3985 quod
416 3904 448 3965 in
465 3902 558 3965 illum
574 3923 723 3966 amorem
739 3922 807 3965 non
823 3904 930 3984 possit
946 3902 1070 3977 venire,
1088 3901 1152 3965 nisi
1167 3903 1252 3983 prius

136 4005 310 4058 removeat
327 3995 416 4059 mala
428 3996 495 4071 illa,
509 4006 664 4059 constare
677 4006 791 4078 potest
805 4018 848 4059 ex
862 4016 913 4070 eo,
927 3995 1016 4077 quod
1029 3996 1252 4078 unusquisque

135 4088 238 4152 homo
260 4110 304 4152 ex
329 4091 509 4153 nativitate
532 4092 576 4153 sit
599 4092 632 4152 in
655 4090 764 4154 omnis
786 4090 919 4171 generis
941 4088 1048 4164 malis,
1073 4090 1165 4171 quod
1188 4108 1250 4153 non

136 4185 355 4264 concupiscat
378 4183 466 4246 aliud
489 4204 589 4267 quarn
612 4185 701 4266 quod
725 4184 850 4246 malum
873 4193 937 4258 est,
961 4193 996 4246 et
1019 4183 1110 4265 quod
1133 4184 1161 4246 si
1188 4202 1250 4246 non

136 4278 381 4358 poenitentiam
405 4277 448 4340 ab
473 4277 538 4341 illis
560 4279 642 4358 agit,
667 4278 746 4341 inibi
769 4287 903 4339 maneat
916 4298 924 4354 ;
955 4296 1056 4358 quare
1086 4276 1145 4340 illa
1168 4273 1250 4339 mala

137 4370 287 4448 obstant,
304 4381 341 4436 ut
358 4391 425 4435 non
441 4391 485 4435 ex
503 4391 616 4436 amore
632 4371 794 4456 spirituali
814 4370 872 4434 illo
888 4371 994 4452 possit
1010 4390 1124 4434 amare
1141 4369 1248 4452 proxi·
