2776 5040
136 431 176 498 50
605 429 776 483 cononis.
844 472 849 483 .

197 598 250 661 De
269 597 371 662 caelis
390 597 590 680 reliquarum
610 597 840 661 Ecclesiarum
859 610 939 682 post
955 599 1228 684 Antiquissimau,
1286 622 1288 631 ·

133 692 287 755 videatur
308 693 341 755 in
364 693 485 755 eodem
509 692 671 773 opusculo
694 693 737 755 de
759 692 886 756 Amore
910 692 1115 778 Coryiaegiali,
1137 697 1168 759 in
1187 715 1231 758 suo

133 786 250 849 ordine
271 784 306 868 (a
321 806 353 848 n.
372 786 414 867 76
431 787 474 849 ad
493 788 533 849 82
553 787 623 869 ibi).

196 881 268 963 38.
300 880 469 944 lnsemum
496 901 540 943 ex
571 880 637 944 illis
663 881 719 963 qui
748 882 792 945 ab
818 880 1072 965 Antiquissima
1099 884 1235 948 Ecclesia

133 974 275 1049 suerunt,
293 985 345 1038 est
361 996 441 1057 prae
452 975 607 1038 omnibus
620 975 693 1037 aliis
706 976 841 1039 insemis
853 978 1119 1041 atrocissimum.
1163 977 1235 1043 Con·

133 1069 223 1132 sistit
242 1090 286 1132 ex
305 1068 369 1132 illis
388 1069 443 1151 qui
467 1069 499 1131 in
516 1070 643 1132 mundo
659 1070 873 1133 crediderunt
892 1091 929 1134 se
948 1091 1027 1134 esse
1043 1074 1133 1137 sicut
1151 1072 1237 1147 Deus,

133 1163 318 1225 secundum
337 1162 492 1226 dolosum
512 1162 649 1226 effatum
669 1161 844 1245 Serpentis
864 1163 960 1245 (Gen.
980 1166 1024 1227 iii.
1044 1165 1099 1248 5);
1124 1176 1159 1229 et
1176 1187 1238 1248 pro

133 1255 264 1318 sundius
283 1258 316 1319 in
335 1256 394 1319 illo
416 1256 546 1320 inferno
565 1267 643 1320 sunt
667 1257 714 1319 illi
736 1259 791 1340 qui
813 1258 874 1320 sibi
897 1271 1142 1340 persuaserunt
1164 1259 1239 1342 quod

133 1370 268 1432 prorsus
294 1352 339 1414 dii
365 1360 491 1426 essent,
516 1371 560 1414 ex
588 1352 769 1433 phantasia
791 1352 881 1434 quod
909 1352 1004 1415 Deus
1028 1353 1240 1418 Divinitatem

133 1464 228 1507 suam
255 1436 471 1508 transfuderit
500 1445 534 1507 in
564 1445 729 1520 homines,
757 1455 792 1508 et
819 1447 866 1508 sic
893 1447 985 1528 quod
1012 1467 1085 1511 non
1112 1448 1242 1530 amplius

133 1549 224 1602 esset
248 1539 340 1602 Deus
362 1541 396 1601 in
419 1540 584 1601 universo.
629 1538 686 1602 Ex
709 1539 780 1602 dira
802 1539 861 1602 illa
882 1543 1104 1622 persuasione
1124 1542 1244 1605 efflatur

133 1653 179 1695 ex
205 1631 264 1695 illo
294 1632 422 1697 inferno
451 1632 603 1696 funestus
633 1642 743 1714 putor,
770 1634 826 1716 qui
855 1632 960 1697 inficit
988 1633 1159 1700 vicinias¹¹¹
1182 1647 1244 1700 tam

133 1726 225 1790 ferali
249 1728 328 1790 tabe
351 1737 388 1790 ut
411 1727 490 1789 dum
510 1727 628 1808 aliquis
651 1729 878 1809 approximat,
898 1739 1089 1810 occupetur
1112 1733 1245 1814 primum

134 1831 204 1884 tam
225 1820 403 1903 lymphato
421 1822 539 1884 delirio
562 1833 598 1884 ut
622 1840 704 1883 mox
728 1831 806 1904 post
829 1822 998 1903 singultus
1016 1825 1176 1889 videatur
1192 1825 1246 1888 sibi

133 1917 323 1996 agonizare.
368 1915 448 1978 Vidi
460 1916 629 1997 quendam
645 1916 678 1978 in
692 1918 879 1998 propinquo
894 1916 939 1978 ibi
950 1919 1155 1983 occubuisse
1168 1921 1246 1984 sicut

134 2021 306 2088 mortuus;
326 2011 385 2073 sed
397 2006 628 2073 translaturum
638 2010 716 2073 inde
725 2011 898 2073 revixisse.
930 2010 1031 2092 Jacet
1041 2013 1077 2076 id
1088 2014 1245 2078 insemum

133 2105 166 2165 in
194 2104 305 2167 media
331 2104 433 2186 plaga
459 2103 678 2178 meridionali,
703 2106 828 2167 circum
854 2102 992 2169 ductum
1019 2107 1132 2183 vallis,
1156 2129 1247 2191 super

133 2198 252 2280 quibus
270 2208 364 2261 stant
387 2199 442 2280 qui
465 2199 651 2261 stentoriae
670 2199 773 2261 tubae
795 2220 880 2262 voce
902 2199 1067 2276 clamant,
1091 2201 1173 2266 “Ne
1194 2222 1245 2266 ac·

133 2292 217 2354 cede
243 2289 421 2374 propiusl⁸¹'’
465 2291 589 2354 Audivi
616 2312 661 2354 ex
684 2292 815 2373 angelis
837 2295 893 2375 qui
915 2313 1016 2375 super
1039 2294 1101 2359 illo
1123 2296 1246 2359 insemo

133 2387 167 2448 in
197 2385 293 2448 caelo
324 2394 401 2447 sunt
431 2385 521 2466 quod
558 2385 828 2449 cacodaemones
861 2387 905 2450 ibi
943 2400 1136 2469 appareant
1164 2391 1245 2453 sicut

133 2479 261 2543 colubri
280 2481 362 2542 torti
381 2480 413 2540 in
433 2481 538 2560 spiras
558 2480 820 2555 inextricabiles,
838 2481 927 2563 quod
947 2483 1088 2546 trahunt
1109 2505 1155 2546 ex
1173 2485 1244 2546 sub·

134 2574 227 2637 lestis
250 2574 383 2636 illorum
407 2573 493 2635 dolis
517 2584 551 2636 et
575 2575 871 2648 incantationibus,
892 2577 1011 2657 quibus
1033 2577 1243 2659 pellexerunt

133 2669 302 2749 simplices
323 2669 365 2729 ad
390 2669 641 2730 assentiendum
662 2669 750 2750 quod
775 2671 841 2732 sint
865 2670 919 2744 dii,
940 2679 975 2732 et
999 2672 1091 2752 quod
1116 2693 1183 2735 non
1205 2675 1244 2734 sit

134 2762 225 2824 Deus
239 2772 372 2843 praeter
385 2762 469 2823 illos.
502 2761 650 2834 Vetusti,
664 2763 718 2843 qui
735 2764 848 2824 omnia
864 2764 926 2825 sub
941 2762 1063 2826 sabulis
1080 2777 1241 2829 contexu-

133 2867 241 2930 erunt,
270 2856 331 2918 hos
358 2855 600 2918 intellexerunt
629 2877 687 2936 per
711 2856 920 2937 “gigantes''
942 2859 998 2938 qui
1026 2859 1242 2940 impugnave-

133 2962 209 3012 runt
229 2959 341 3012 castra
360 2950 509 3022 deorum,
530 2952 639 3030 etqui
662 2971 681 3012 a
703 2950 787 3031 Jove
805 2972 863 3031 per
880 2950 1019 3013 fulmina
1039 2953 1110 3032 ejus
1129 2949 1242 3032 dejesti

133 3054 221 3117 sunt,
239 3054 273 3106 et
291 3044 352 3105 sub
368 3053 520 3105 montem
537 3044 744 3123 ignivomum
761 3044 912 3107 Aetnam
930 3045 1069 3120 detrusi,
1084 3057 1119 3109 et
1135 3047 1241 3109 vocati

135 3137 358 3218 “Cyclopes''
403 3136 455 3199 Illi
475 3139 577 3199 etiam
601 3138 728 3200 inserna
751 3139 884 3201 illorum
903 3150 1113 3203 vocaverunt
1134 3140 1240 3203 “Tar-

133 3233 235 3307 tara,”
254 3252 293 3295 ac
315 3230 474 3312 “Stagna
494 3231 730 3306 Acherontis,”
746 3253 784 3294 ac
802 3233 965 3315 profunda
981 3234 1025 3295 ibi
1044 3232 1241 3317 “Stygem''

132 3337 167 3391 et
186 3326 262 3390 illos
278 3327 332 3410 qui
351 3327 396 3389 ibi
416 3325 617 3388 “Echidnas
634 3325 804 3389 Lernaeas
816 3327 842 3405 ;”
865 3336 899 3389 et
918 3327 965 3389 sic
985 3347 1097 3410 porro.
