2776 5040
383 1218 714 1273 PRAEFATIUNCULA
731 1218 913 1274 EDITORIS.

153 1495 219 1548 Cum
228 1494 334 1548 Audori
346 1496 373 1546 in
383 1505 467 1547 mente
477 1511 529 1548 erat
539 1495 689 1548 noemmin
698 1497 789 1548 Norae
798 1495 929 1546 Ecclesiae
939 1495 966 1546 ln
977 1494 1032 1563 ejna
1040 1494 1208 1563 plenltudlne,

105 1607 125 1652 ta
138 1600 272 1667 integram,
286 1601 313 1651 in
327 1601 409 1651 lucem
423 1602 509 1662 edere,
524 1601 679 1669 (consultum
693 1601 795 1652 tandem
808 1600 938 1667 pendium
951 1616 1002 1668 quo
1017 1611 1130 1668 tempore
1144 1617 1209 1668 opus

105 1725 207 1776 ragnum
224 1709 302 1776 ipsius
319 1709 442 1771 ultimum,
466 1711 529 1760 Vera
549 1710 696 1760 Chn'stabna
712 1709 820 1775 Reliffio,
836 1707 932 1759 editum
950 1708 1006 1776 ent)
1025 1709 1208 1775 aciagrapbiam

105 1817 204 1881 jusdem
216 1817 286 1882 prius
297 1817 390 1867 emisit.
425 1817 524 1867 Eodem
533 1824 656 1882 tempore,
665 1816 692 1865 in
702 1814 753 1866 hoc
764 1814 895 1881 opusculo,
904 1815 1094 1882 dispositionem
1106 1823 1132 1867 et
1142 1816 1209 1867 ordi·

105 1937 146 1972 em
158 1920 244 1987 operis
255 1921 331 1972 futuri
343 1922 453 1986 quodam
465 1922 543 1972 modo
554 1920 706 1972 delineabat.

152 2029 215 2079 Para
231 2028 273 2078 De
289 2028 421 2093 Scriptura
438 2029 519 2078 Sacra
537 2028 665 2095 (videatur
681 2028 812 2078 annotatio
826 2026 915 2094 prima,
926 2042 984 2092 pag.
996 2025 1040 2094 69)
1055 2042 1107 2077 non
1120 2036 1159 2078 eat
1172 2026 1209 2077 in·

105 2142 170 2185 enta

154 2241 215 2291 Hoc
227 2239 384 2305 opusculum,
394 2240 502 2304 quadam
515 2240 541 2289 in
553 2250 630 2306 pnite,
640 2238 750 2290 londini
762 2247 909 2291 exornatum
921 2253 984 2299 eme,
994 2253 1009 2289 e
1020 2246 1089 2299 uota,
1098 2254 1157 2304 pag.
1167 2235 1209 2302 65,

105 2354 167 2398 atet.
202 2344 313 2395 Londini
326 2345 437 2410 quidem,
450 2361 517 2395 anno
531 2345 602 2407 1840,
614 2346 723 2411 primum
734 2344 799 2410 typis
811 2358 930 2394 excusum
943 2351 989 2394 est.

153 2451 213 2502 Non
231 2465 262 2500 ex
281 2450 337 2516 ipso
351 2449 470 2501 Austoris
484 2450 659 2516 chirographo,
673 2450 720 2500 aed
737 2449 818 2499 solum
836 2464 852 2499 e
868 2449 975 2500 vetustis
988 2447 1145 2515 apographis,
1158 2448 1209 2498 boc

105 2571 151 2624 pne
164 2556 241 2605 edere
252 2556 388 2621 potuimus.
422 2555 604 2622 Autogrnphon
616 2555 720 2622 quidem
731 2570 784 2604 non
797 2562 833 2606 eat
845 2553 986 2605 inventum.

152 2661 196 2711 Ad
207 2671 316 2718 nostram
326 2661 464 2712 editionem
473 2662 654 2724 adomandnm,
662 2661 730 2712 binis
740 2660 925 2727 exemplaribus
936 2661 976 2711 uei
987 2677 1088 2712 sumus:
1102 2677 1209 2728 quorum

105 2783 173 2829 num,
182 2767 215 2817 ab
224 2768 353 2834 Johansen
365 2769 523 2835 exscriptum,
533 2770 649 2835 Augusto
657 2769 840 2821 Nordenslrbld
849 2779 972 2832 curatore,
985 2771 1037 2821 sse
1046 2771 1210 2838 Swedenborg

105 2873 184 2939 bciety
200 2871 378 2923 Londiniensis
395 2874 469 2924 nobis
486 2874 542 2924 naui
563 2874 676 2940 praebuit
681 2893 690 2936 ;
713 2874 829 2935 alterum,
846 2876 966 2926 Scarense
981 2878 1110 2942 exemplar
1125 2875 1209 2943 appel·

105 2985 175 3038 itum,
185 2976 296 3043 benigne
307 2977 380 3028 nobis
391 2979 562 3031 commodavit
573 2980 619 3030 Dr.
629 2980 662 3030 R.
673 2979 704 3031 1.
713 2978 797 3041 Talel,
807 2980 878 3046 cujna
889 2980 1056 3042 Documenta,
1065 2996 1123 3048 pag.
1135 2993 1208 3041 1012,

105 3093 162 3148 013,
174 3082 314 3132 rideantur.

153 3191 298 3257 Unicuique
309 3191 481 3257 exemplorum
496 3200 554 3243 aunt
565 3191 636 3259 plura
647 3208 713 3260 quae
723 3193 796 3245 alteri
809 3194 908 3245 denunt.

154 3296 256 3364 Ubique
267 3312 283 3346 a
294 3304 365 3347 textu
377 3296 591 3347 Nordenscoeldii
602 3297 734 3361 abivimus,
745 3314 799 3349 rem
811 3298 947 3364 diligenter
959 3297 1160 3366 significavimus.

779 3477 903 3521 SAMUEL
914 3478 943 3521 H.
957 3477 1149 3522 WORCESTBR.

137 3586 314 3639 mana,
324 3585 403 3638 Mau..
414 3587 485 3638 Mar..
496 3588 552 3642 1⁸85
