2776 5040
465 498 569 553 uovx
591 500 860 554 accuens-u,
880 503 926 570 19.
1213 505 1252 570 27

133 668 243 751 prima
258 669 413 751 proxime
428 669 533 731 ambit
550 669 658 732 solem
673 679 708 732 et
727 681 867 733 vocatur
882 690 972 743 aura,
989 669 1097 732 altera
1113 670 1174 733 sub
1189 669 1252 733 hac

133 772 170 826 et
190 772 332 826 vocatur
349 763 475 838 aether,
495 783 534 826 ac
559 765 660 826 tertia
678 764 740 826 sub
761 763 826 826 illis
849 773 885 826 et
907 773 1049 827 vocatur
1071 783 1149 842 aer;
1182 774 1252 828 tres

133 857 200 920 hae
218 857 477 938 atmosphaerae
500 858 533 920 in
552 857 678 921 mundo
697 857 841 920 naturali
860 866 939 920 sunt
958 857 1140 932 naturales,
1160 858 1194 921 in
1216 879 1253 922 se

133 952 299 1034 passivae,
323 953 401 1035 quia
423 973 467 1014 ex
495 952 567 1015 sole
590 952 645 1035 qui
668 961 721 1015 est
748 972 847 1033 purus
871 952 957 1032 ignis
977 952 1184 1034 procedunt3
1216 963 1253 1017 at

133 1054 205 1108 tres
223 1045 288 1108 illis
307 1046 610 1127 correspondentes
628 1046 662 1108 in
681 1047 807 1109 mundo
823 1046 986 1128 spirituali
1003 1057 1081 1108 sunt
1098 1047 1252 1128 spiritua·

133 1138 195 1211 les,
214 1140 248 1202 in
267 1160 303 1202 se
321 1137 462 1215 activae,
482 1140 559 1222 quia
576 1161 620 1202 ex
645 1138 724 1204 Sole
743 1140 797 1222 qui
820 1149 873 1202 est
896 1160 996 1222 purus
1019 1159 1114 1202 amor
1132 1160 1251 1221 proce·

132 1232 230 1295 dunt.
274 1232 402 1314 Angeli
425 1232 594 1296 caelorum
617 1234 650 1295 in
669 1233 862 1315 regionibus
881 1234 981 1296 trium
1005 1232 1122 1296 harum
1141 1243 1251 1298 atmo-

132 1325 350 1407 sphaerarum
366 1327 541 1404 habitant;
565 1327 678 1408 angeli
695 1327 839 1408 supremi
858 1326 943 1390 caeli
961 1328 995 1389 in
1014 1347 1094 1389 aura
1112 1326 1252 1392 caelesti

132 1440 221 1502 quae
251 1422 405 1502 proxime
434 1422 540 1485 ambit
571 1420 685 1485 Solem
715 1423 770 1484 ubi
800 1421 978 1496 Dominus,
1009 1420 1122 1502 angeli
1152 1423 1252 1485 medii

132 1514 220 1578 caeli
246 1515 279 1576 in
301 1515 440 1578 aethere
464 1514 627 1597 spirituali
652 1517 714 1577 sub
736 1515 811 1589 illis,
836 1524 871 1577 et
897 1514 1011 1596 angeli
1038 1513 1141 1578 infimi
1168 1515 1252 1579 caeli

132 1610 168 1672 in
186 1628 264 1672 aere
282 1609 443 1690 spirituali
463 1609 607 1672 naturali
625 1609 688 1671 sub
705 1609 834 1672 duobus
858 1608 944 1686 illis;
978 1610 1026 1672 ita
1045 1609 1251 1672 constabiliti

132 1711 214 1765 sunt
237 1722 355 1765 omnes
378 1701 472 1776 caeli,
492 1723 513 1765 a
535 1704 643 1784 primo
665 1701 708 1765 ad
732 1702 886 1766 ultimum
908 1703 973 1766 hoc
996 1704 1086 1785 quod
1109 1704 1210 1767 hodie
1232 1724 1252 1767 a

132 1795 284 1859 Domino
310 1797 475 1860 conditur.
520 1796 576 1859 Ex
607 1797 659 1859 his
688 1796 910 1860 animadverti
941 1806 1055 1879 potest
1082 1798 1171 1860 unde
1197 1808 1249 1861 est

132 1890 225 1972 quod
249 1910 308 1972 per
328 1890 443 1954 “tria''
462 1892 494 1953 in
518 1890 635 1954 Verbo
658 1887 888 1972 significetur¹'¹
907 1890 1116 1972 completum
1141 1890 1247 1974 (vide-

132 1994 210 2048 atur
227 1983 451 2066 Apocalypsis
469 1984 640 2060 Revelata,
660 2005 692 2048 n.
714 1999 784 2066 507,
801 1984 889 2067 875).

193 2184 261 2250 18.
290 2184 351 2258 (vi.)
375 2184 461 2254 duod
480 2184 620 2248 dominus
641 2184 767 2247 danorii
789 2203 832 2247 οι
853 2202 927 2247 noro
950 2185 1009 2247 hoo
1030 2184 1123 2248 caelo
1146 2203 1251 2248 novom

132 2274 304 2338 [coloniam
317 2274 349 2337 in
362 2275 457 2338 terrie
471 2275 589 2337 derivet
599 2280 634 2337 ei
641 2275 804 2354 producut,
820 2276 901 2357 quod
911 2274 946 2336 nl
954 2294 1014 2354 per
1026 2274 1251 2338 desolationem

135 2367 299 2431 feriolum
310 2389 352 2431 er
359 2387 417 2431 suo
425 2387 480 2430 ore
492 2373 547 2429 out
555 2386 597 2431 οι
604 2386 663 2430 suo
674 2367 778 2439 Verbo,
788 2372 822 2430 et
831 2366 1250 2449 inspirationem-Legitur

132 2460 223 2544 quod
241 2461 414 2542 Johannes
432 2462 553 2524 viderit

185 2609 313 2659 “Urbem
327 2605 457 2667 sandiam,
468 2607 684 2671 Hierosolymam
696 2607 810 2666 Novam,
820 2607 1026 2657 descendentem
1039 2622 1056 2656 a
1066 2607 1124 2657 Deo
1136 2621 1152 2657 e
1164 2607 1247 2664 caelo,

264 2684 384 2738 paratam
396 2674 465 2723 sicut
476 2673 608 2736 Sponsam
621 2683 744 2723 ornatam
759 2672 857 2722 Marito
865 2671 879 2692 '⁹
891 2673 977 2737 (Aper.
988 2673 1042 2723 xxi.
1054 2674 1088 2736 2).

132 2836 196 2899 Per
214 2837 360 2899 “urbem
383 2832 546 2910 sandiam,
570 2835 845 2916 Hierosolymam>
865 2833 1027 2909 Novam,”
1049 2836 1249 2917 intelligitur

132 2928 286 2994 doctrina
310 2930 429 2993 Novae
452 2928 638 3004 Ecclesiae,
658 2930 705 2992 ita
729 2929 883 2992 Ecclesia
905 2930 1016 3011 quoad
1040 2927 1247 3005 doetrinam3

131 3034 168 3087 et
192 3044 251 3106 per
272 3024 362 3106 quod
388 3023 626 3104 Hierosolyma
649 3029 697 3086 “a
721 3023 795 3086 Deo
817 3044 836 3086 e
859 3022 977 3085 caelo”
998 3043 1087 3086 novo
1110 3022 1249 3086 descen-

132 3118 230 3193 derit,
243 3117 443 3199 intelligitur
455 3117 544 3199 quod
561 3137 640 3180 vera
655 3115 808 3180 dostrina
821 3115 994 3180 Ecclesiae
1010 3136 1078 3179 non
1094 3116 1247 3181 aliunde:

132 3211 223 3294 quod
247 3209 400 3274 doctrina
422 3210 646 3285 descenderit,
666 3220 719 3273 est
741 3211 817 3293 quia
840 3209 995 3272 Ecclesia
1017 3219 1070 3272 est
1094 3208 1249 3274 Ecclesia

132 3325 179 3368 ex
199 3304 352 3369 dodtrina
370 3316 405 3368 et
425 3305 608 3368 secundum
627 3305 743 3382 illam;
766 3305 893 3387 absque
911 3305 985 3378 hac,
1005 3302 1160 3367 Ecclesia
1179 3324 1247 3368 non

133 3399 209 3483 plus
232 3410 284 3463 est
309 3400 463 3463 Ecclesia
482 3419 581 3481 quam
601 3399 703 3462 homo
726 3408 779 3462 est
802 3399 905 3462 homo
927 3398 1054 3480 absque
1077 3399 1246 3472 membris,

132 3495 325 3568 visceribus,
345 3504 380 3557 et
403 3495 550 3575 organis,
570 3495 617 3556 ita
639 3514 684 3555 ex
708 3493 782 3556 solo
805 3491 970 3556 velamine
989 3501 1134 3554 cutaneo
1156 3493 1247 3575 quod

132 3590 235 3651 modo
253 3599 432 3651 externam
451 3589 597 3669 speciem
621 3587 691 3669 ejus
709 3586 852 3668 figurat;
887 3605 948 3648 nec
973 3586 1047 3666 plus
1066 3605 1166 3667 quam
1186 3586 1247 3650 do·

133 3702 207 3745 mus
230 3692 282 3746 est
301 3683 421 3744 domus
441 3682 567 3763 absque
587 3681 754 3754 thalamis,
775 3679 953 3752 cenaculis,
974 3688 1009 3742 et
1032 3681 1247 3761 apparatibus

133 3796 211 3840 usus
234 3779 335 3849 intus,
354 3778 402 3839 ita
425 3797 469 3839 ex
495 3776 569 3838 solo
592 3776 721 3857 pariete
744 3784 779 3837 et
803 3774 962 3837 lacunato
984 3771 1087 3837 tedto.
1132 3772 1247 3838 Simile

133 3878 186 3932 est
208 3889 284 3933 cum
308 3868 462 3931 Ecclesia
481 3869 607 3950 absque
627 3866 788 3931 doetrina.
834 3866 934 3949 Quod
955 3867 1247 3949 “Hierosolyma''

132 3963 299 4044 significet
323 3962 512 4026 Ecclesiam
536 3964 647 4046 quoad
669 3960 868 4036 doetrinam,
893 3983 937 4024 ex
961 3960 1078 4024 Verbo
1101 3960 1246 4025 evidbum

132 4058 286 4121 videatur
311 4059 344 4120 in
371 4059 444 4139 ipso
470 4078 572 4139 opere
603 4056 689 4120 Vera
714 4055 912 4120 Christiana
933 4055 1063 4136 Religab
1088 4054 1133 4137 (n.
1157 4055 1246 4136 782).

133 4152 189 4216 Ex
212 4154 262 4216 his
286 4153 390 4235 liquet
408 4152 498 4235 quod
522 4151 675 4214 Ecclesia
698 4152 730 4213 in
754 4151 850 4213 terris
873 4150 1042 4212 derivetur
1064 4158 1099 4212 et
1123 4148 1245 4230 produ·

133 4257 228 4310 catur
245 4267 305 4329 per
323 4245 454 4309 caelum
473 4245 663 4327 angelicum
683 4266 703 4307 a
722 4244 878 4307 Domino.

195 4357 263 4422 19.
295 4341 450 4405 Referam
467 4341 651 4423 paradoxa,
665 4359 750 4422 quae
767 4348 881 4401 tamen
897 4357 965 4400 non
979 4336 1152 4420 paradoxa
1167 4345 1245 4399 sunt

133 4434 287 4511 incaelo,
303 4455 389 4518 quae
404 4445 482 4499 sunt
501 4434 604 4498 haec:
637 4432 697 4516 (ι.)
722 4431 822 4514 Quod
841 4432 984 4496 mundus
1000 4429 1161 4494 naturalis
1177 4449 1243 4494 non
