2776 5040
137 510 151 558 r
156 510 198 576 34
452 505 503 556 nu
525 503 631 557 nova
653 502 928 556 ursnosouuua

194 671 293 754 236·
322 671 485 736 Felicitas
507 684 661 746 aeterna,
677 692 764 755 quae
787 672 892 735 etiam
915 672 1076 754 gaudium
1099 671 1253 737 caeleste

134 775 287 839 vocatur,
318 776 371 828 est
402 765 467 827 illis
496 764 552 846 qui
583 766 615 827 in
646 783 760 828 amore
790 775 826 828 et
856 762 921 828 fide
953 765 986 826 in
1018 764 1203 828 Dominum
1234 785 1254 828 a

135 858 284 923 Domino
302 869 401 935 sunt;
426 858 483 922 ille
501 878 597 921 amor
615 868 650 921 et
670 857 729 920 illa
748 856 831 921 fides
855 859 887 920 in
908 878 944 922 se
963 858 1092 921 habent
1115 859 1149 920 id
1169 878 1253 940 gau·

135 952 247 1016 dium:
275 953 309 1016 in
332 953 366 1016 id
389 952 484 1016 venit
507 951 612 1015 homo
635 961 714 1034 post
738 962 895 1025 mortem,
920 953 975 1033 qui
998 951 1130 1015 caelum
1159 954 1193 1015 in
1218 973 1254 1015 se

134 1045 260 1123 habet;
281 1046 410 1110 interea
426 1045 640 1110 reconditum
658 1044 745 1109 latet
763 1046 796 1107 in
816 1046 951 1109 interno
968 1045 1048 1126 ejus.
1093 1046 1132 1108 In
1150 1045 1255 1109 caelis

134 1150 189 1205 est
207 1141 401 1203 communio
419 1141 569 1202 omnium
588 1141 775 1216 bonorum;
800 1160 880 1222 pax,
901 1140 1142 1222 intelligentia,
1163 1143 1255 1222 sapi·

135 1233 240 1309 entia,
264 1242 300 1298 et
330 1232 474 1298 felicitas
497 1234 648 1297 omnium
679 1234 974 1298 communicantur
1004 1235 1166 1297 unicuivis
1197 1235 1253 1308 ibi,

135 1336 291 1391 attamen
310 1328 452 1409 singulis
471 1328 657 1391 secundum
676 1329 908 1409 receptionem
928 1330 1053 1391 amoris
1076 1339 1111 1392 et
1134 1328 1211 1394 fidei
1235 1350 1256 1392 a

135 1420 304 1485 Domino:
332 1423 411 1486 inde
435 1431 532 1505 patet
556 1432 685 1504 quanta
707 1442 788 1505 pax,
812 1422 1053 1504 intelligentia,
1074 1422 1254 1505 sapientia,

135 1526 172 1581 et
190 1515 334 1581 felicitas
352 1518 386 1580 in
405 1515 502 1581 caelo
521 1527 584 1580 est.

195 1625 288 1695 237·
316 1609 618 1693 Quemadmodum
634 1630 731 1676 amor
749 1613 782 1675 in
799 1611 985 1675 Dominum
1004 1621 1040 1676 et
1057 1630 1155 1675 amor
1169 1631 1256 1694 erga

135 1705 327 1787 proximum
343 1704 470 1767 faciunt
487 1706 594 1769 vitam
610 1703 696 1769 caeli
713 1704 803 1786 apud
822 1704 1007 1778 hominem,
1024 1706 1073 1767 ita
1091 1723 1188 1768 amor
1204 1704 1256 1768 sui

135 1806 171 1861 et
189 1815 285 1860 amor
300 1797 426 1870 mundi,
439 1798 577 1880 quando
592 1808 750 1879 regnant,
764 1797 890 1861 faciunt
907 1799 1013 1862 vitam
1029 1797 1148 1862 inferni
1163 1797 1255 1879 apud

134 1888 241 1966 illum,
261 1910 340 1954 nam
363 1891 397 1954 hi
420 1910 554 1955 amores
578 1891 645 1954 illis
668 1891 817 1973 oppositi
841 1901 941 1955 sunt:
973 1902 1182 1975 quapropter
1206 1890 1256 1955 illi

135 1985 224 2069 apud
239 2006 325 2069 quos
337 2004 471 2048 amores
487 1986 537 2048 sui
553 1996 588 2048 et
606 1986 721 2048 mundi
737 1995 895 2068 regnant,
910 1986 991 2049 nihil
1008 1996 1152 2069 possunt
1168 1986 1256 2049 reci·

135 2102 215 2165 pere
234 2102 252 2145 e
271 2079 378 2155 caelo,
395 2080 456 2145 sed
475 2100 561 2163 quae
577 2081 743 2162 recipiunt
761 2091 840 2143 sunt
857 2101 903 2144 ex
920 2080 1051 2144 inferno
1066 2103 1073 2158 ;
1097 2080 1257 2164 quicquid

135 2178 225 2242 enim
241 2176 346 2239 homo
361 2186 454 2239 amat
470 2185 506 2238 et
525 2176 683 2258 quicquid
700 2176 819 2248 credit,
836 2174 891 2239 vel
911 2197 931 2240 e
949 2175 1046 2240 caelo
1063 2186 1115 2239 est
1134 2175 1189 2240 vel
1210 2196 1257 2238 ex

135 2269 265 2335 inferno
281 2278 344 2334 est.
775 2316 778 2322 -

194 2364 292 2448 238.
319 2364 376 2428 Illi
392 2364 483 2446 apud
501 2383 588 2446 quos
606 2381 702 2427 amor
720 2363 770 2426 sui
789 2373 824 2427 et
843 2382 940 2428 amor
958 2365 1075 2428 mundi
1093 2373 1255 2448 regnant,

135 2477 205 2522 non
224 2459 333 2521 sciunt
352 2457 431 2539 quid
450 2455 582 2519 caelum
606 2464 642 2519 et
664 2455 744 2536 quid
767 2455 912 2519 felicitas
931 2457 1028 2532 caeli,
1048 2467 1084 2521 et
1108 2458 1254 2522 incredi*

135 2552 202 2616 bile
218 2551 283 2615 illis
296 2561 438 2633 apparet
454 2552 545 2634 quod
562 2550 706 2614 felicitas
722 2551 755 2614 in
771 2551 846 2615 aliis
858 2553 1028 2615 amoribus
1041 2553 1141 2616 detur
1153 2572 1255 2636 quam

135 2646 169 2709 in
188 2645 275 2723 illis;
292 2648 376 2709 'cum
395 2655 512 2709 tamen
529 2656 665 2709 tantum
684 2646 789 2709 intrat
808 2645 953 2709 felicitas
972 2646 1069 2719 caeli,
1086 2657 1254 2729 quantum

134 2740 184 2804 illi
199 2760 331 2803 amores
348 2749 385 2803 ut
401 2737 485 2803 fines
500 2750 737 2803 removentur:
758 2739 912 2815 felicitas,
927 2761 1012 2822 quae
1028 2741 1095 2804 illis
1111 2742 1255 2805 remotis

134 2834 298 2907 succedit,
318 2843 371 2897 est
391 2842 490 2897 tanta
510 2844 546 2897 ut
567 2834 716 2897 excedat
735 2853 873 2898 omnem
892 2845 1031 2915 captum
1052 2834 1210 2898 hominis.

194 2945 294 3012 239.
321 2927 405 2993 Vita
431 2929 579 2993 hominis
602 2949 670 2993 non
694 2931 818 2993 mutari
843 2940 961 3011 potest
984 2939 1061 3010 post
1085 2940 1255 3009 mortem;

135 3032 252 3086 manet
265 3032 345 3085 tunc
359 3020 466 3103 qualis
483 3021 611 3100 fuerat;
636 3042 715 3085 nam
729 3023 865 3104 spiritus
878 3023 1024 3084 hominis
1040 3032 1135 3085 totus
1147 3043 1275 3106 quan·,

135 3126 191 3180 tus
209 3124 262 3179 est
281 3115 390 3196 qualis
408 3115 478 3195 ejus
497 3135 602 3189 amor,
623 3126 659 3180 et
681 3136 777 3180 amor
796 3116 968 3180 infernalis
988 3137 1055 3180 non
1075 3119 1256 3183 transcribi

136 3218 253 3292 potest
269 3211 302 3272 in
319 3229 469 3272 amorem
486 3209 684 3285 caelestem,
701 3213 860 3294 quoniam
877 3212 1026 3294 oppositi
1041 3223 1131 3276 sunt.
1179 3213 1255 3277 Hoc

135 3303 338 3386 intelligitur
355 3324 414 3385 per
433 3303 623 3366 Abrahami
642 3304 746 3368 verba
764 3305 808 3367 ad
827 3306 969 3369 divitem
985 3307 1019 3369 in
1038 3305 1180 3381 inferno,

185 3436 306 3488 “Hiatus
319 3451 434 3500 magnus
446 3446 498 3486 est.
509 3437 591 3486 ,inter
601 3450 652 3485 vos
663 3445 690 3485 et
705 3451 763 3495 nos,
776 3446 805 3486 ut
819 3436 856 3486 illi
869 3438 914 3501 qui
926 3437 1020 3487 volunt
1032 3438 1148 3487 transire
1160 3439 1194 3488 ud
1206 3452 1257 3488 vos

267 3518 321 3552 non
334 3504 446 3566 possint,
459 3516 546 3566 neque
558 3502 638 3552 etiam
651 3501 730 3551 istinc
743 3503 856 3551 transire
868 3504 902 3552 ad
916 3517 967 3552 nos
974 3502 988 3522 '⁹
1000 3502 1073 3565 (Luc.
1085 3503 1139 3553 xvl.
1149 3504 1199 3565 adl

136 3639 222 3704 Inde
240 3648 338 3722 patet
360 3639 451 3722 quod
473 3639 529 3721 qui
553 3639 587 3701 in
610 3638 775 3702 infernum
794 3639 946 3712 veniunt,
965 3639 1012 3702 ibi
1034 3648 1199 3704 maneant
1222 3640 1257 3703 in

136 3743 334 3811 aeternum;
357 3744 393 3798 et
410 3734 514 3817 quiin
531 3731 663 3796 caelum
679 3734 833 3808 veniunt,
850 3733 895 3796 ibi
911 3743 1074 3796 maneant
1091 3734 1124 3796 in
1141 3745 1256 3798 aeter·

138 3849 229 3894 num.

189 4096 280 4159 240.
305 4084 454 4158 Quoniam
463 4085 501 4140 de
511 4084 602 4141 Caelo
614 4095 645 4140 et
659 4084 780 4156 inferno
793 4085 824 4140 in
834 4086 973 4158 singulari
987 4101 1077 4155 opere
1088 4084 1189 4142 actum
1202 4098 1258 4150 est.

136 4176 168 4223 et
181 4167 220 4221 ibi
234 4180 352 4238 quoque
364 4164 494 4220 adducta
505 4176 576 4220 sunt
587 4182 664 4237 quae
677 4166 707 4220 in
717 4166 847 4220 Arcanrlr
857 4166 1025 4221 Caelestr'bus
1036 4166 1074 4221 de
1089 4166 1149 4222 illis
1161 4169 1259 4223 conti·

137 4259 254 4311 nentur,
268 4247 335 4303 ideo
348 4261 409 4302 non
422 4261 498 4316 opus
510 4256 556 4302 est
569 4246 619 4302 hie
631 4246 718 4317 plura
728 4246 847 4301 addere.
