2776 5040
464 503 514 554 oa
538 503 674 553 mvrux
696 502 918 553 rmurrarn.
1207 488 1246 554 61

132 679 169 735 et
186 671 372 734 secundum
389 671 538 746 Paulum,

183 784 368 908 9¹¹⁰d..⁰¹¹¹)¹¹i⁵
386 784 524 847 plenitudo
544 783 698 832 Divinitatis
717 784 744 832 in
764 783 827 846 Ipso
844 783 946 834 habitet
960 783 1136 847 corporaliter
1152 781 1255 846 (coloss.

268 864 293 898 rr.
306 863 322 911 9
339 865 345 898 :

134 962 320 1025 secundum
335 962 539 1044 johannem,

234 1074 311 1138 Quod
324 1076 359 1124 sit
371 1090 450 1125 verus
464 1074 536 1124 Deus
549 1084 575 1123 et
588 1074 649 1123 Vita
658 1085 768 1123 aeterna
782 1073 806 1133 (ι
819 1073 902 1138 Epist.
915 1089 939 1124 v.
953 1086 982 1123 ar
996 1080 1032 1132 [B.
1042 1081 1069 1122 Α.
1079 1073 1137 1136 so]):

135 1203 172 1258 et
188 1195 373 1258 secundum
391 1195 538 1269 Esaiam,

344 1307 422 1370 Quod
435 1309 469 1356 sit
485 1307 564 1357 Pater
576 1307 741 1356 aeternitatis
754 1305 838 1368 (Erar'.
850 1306 885 1356 ix.
899 1319 912 1366 5
926 1312 963 1364 [B.
972 1306 1054 1368 A.6]):

138 1428 174 1483 et
190 1419 270 1482 alibi
285 1421 375 1502 apud
391 1422 547 1495 eundem,

284 1531 361 1594 Quod
375 1534 409 1581 sit
423 1532 551 1596 Jelrovalr,
567 1532 730 1595 Redemptor
754 1531 838 1593 (Esai.
854 1533 917 1582 xliii.
932 1545 977 1592 14;
995 1533 1057 1582 xliv.
1069 1528 1124 1596 6)];

283 1598 361 1646 Solus
376 1597 448 1646 Deus
463 1595 559 1662 [lEsai.
571 1599 635 1647 xliii.
649 1610 687 1655 ro,
703 1597 742 1659 11)
765 1614 771 1647 :

138 1717 174 1772 et
193 1708 344 1791 quod‘ex
363 1710 613 1792 Redemptione
629 1712 673 1774 sit

380 1822 500 1888 renovari
513 1823 621 1888 Jusntra
633 1834 726 1873 nostra
741 1821 859 1889 [rymm.
869 1824 942 1874 xxrrr.
954 1820 1008 1889 sn:

136 1945 171 1999 et
188 1936 279 2018 quod
298 1936 458 2019 [dicatur]

448 2050 528 2108 Deus,
543 2049 623 2099 Pater
636 2048 731 2115 [lEsnt'.
744 2052 778 2100 ix.
792 2063 805 2111 5
820 2058 856 2108 [Β.
866 2058 893 2098 Α.
903 2052 942 2113 61),

137 2172 194 2234 ubi
210 2172 253 2234 de
270 2172 344 2236 Illo.
393 2171 540 2254 [Dicitur
557 2174 675 2255 etiam]

253 2287 331 2351 Quod
343 2289 454 2350 gloriam
468 2303 543 2338 suam
558 2304 612 2337 non
626 2290 702 2338 alteri
714 2290 760 2338 det
773 2287 867 2355 [(Esai.
881 2290 934 2338 xlii.
948 2290 962 2338 8
974 2304 980 2349 ;
997 2286 1159 2355 xlvlil.11)];

138 2411 212 2465 tum
228 2402 319 2484 quod

376 2496 488 2558 Spiritus
501 2494 614 2547 Sanetus
626 2498 661 2546 sit
672 2512 705 2546 ex
719 2497 782 2561 Ipso
795 2493 881 2562 [lJoh.
894 2513 936 2548 xx.
950 2495 1011 2562 22)].

203 2627 300 2689 Nunc
321 2628 398 2708 quia
422 2627 513 2690 Deus
533 2638 586 2692 est
605 2649 700 2701 unus,
718 2638 753 2692 et
773 2630 850 2710 quia
869 2639 922 2693 est
945 2629 1068 2691 Divina
1088 2628 1248 2702 Trinitas,

137 2721 249 2792 Pater,
268 2720 382 2791 Filius,
401 2731 434 2783 et
455 2720 598 2802 Spiritus
610 2717 754 2782 Sandius
770 2718 970 2800 (secundum
989 2721 1126 2785 Domini
1135 2722 1248 2795 verba,

136 2814 260 2876 Mater.
286 2815 403 2875 xxviii.
426 2814 489 2894 19),
507 2817 657 2896 sequitur
679 2815 768 2896 quod
793 2814 942 2878 Trinitas
970 2815 1029 2878 illa
1051 2817 1095 2878 sit
1119 2816 1152 2878 in
1183 2835 1250 2877 una

138 2927 294 2990 persona,
314 2918 350 2970 et
370 2909 459 2989 quod
479 2910 521 2970 sit
542 2911 575 2970 in
595 2928 739 2990 persona
759 2908 853 2970 Illius
871 2910 926 2990 qui
946 2919 1134 2990 conceptus
1153 2919 1207 2973 est
1230 2929 1250 2972 a

139 3002 215 3064 Deo
242 3001 352 3072 Patre,
378 3014 412 3064 et
441 3012 540 3064 natus
567 3023 612 3064 ex
641 3002 747 3065 Maria
771 3003 923 3084 Virgine,
947 3013 982 3067 et
1009 3004 1087 3065 inde
1109 3014 1251 3067 vocatur

140 3094 274 3157 “Filius
295 3095 494 3168 Altissimi,”
513 3096 646 3158 “Filius
667 3089 760 3170 Dei,''
778 3096 912 3159 “Filius
931 3096 1161 3177 Unigenitus”

205 3235 276 3298 (Luc.
289 3239 305 3286 i.
316 3250 411 3298 31—35:
433 3238 494 3303 Joh.
508 3239 524 3286 i.
539 3239 585 3295 18:
603 3254 645 3287 xx.
658 3251 686 3299 31
700 3255 705 3288 :
724 3239 820 3289 Marri.
833 3240 867 3289 iii.
883 3251 928 3299 17:
947 3241 997 3289 xvi.
1013 3240 1059 3296 16;
1076 3241 1139 3289 xvii.
1155 3241 1186 3299 5).

140 3381 241 3462 Quod
261 3382 292 3443 in
310 3381 465 3443 omnibus
482 3381 535 3443 his
554 3391 589 3445 et
607 3401 705 3462 supra
723 3382 836 3444 allatis
856 3382 940 3444 locis
956 3402 1023 3445 non
1040 3381 1252 3463 intelligatur

138 3476 258 3556 aliquis
283 3475 386 3537 Filius
410 3476 453 3537 ab
475 3486 628 3548 aeterno,
654 3495 769 3538 coram
789 3478 859 3538 visu
890 3478 1024 3538 interno
1047 3486 1081 3539 et
1105 3486 1251 3539 externo

139 3580 246 3652 patet.

202 3663 286 3726 Cum
305 3664 418 3744 itaque
436 3663 559 3725 Divina
574 3663 658 3726 haec
673 3663 823 3726 Trinitas
839 3662 939 3746 (quae
954 3665 1057 3727 etiam
1074 3674 1125 3727 est
1140 3663 1251 3727 Pleni·

140 3759 223 3821 tudo
244 3757 440 3819 Divinitatis
461 3757 620 3819 habitans
643 3760 676 3819 in
702 3758 781 3838 Ipso
801 3758 1032 3839 corporaliter,
1052 3758 1140 3839 apud
1158 3757 1250 3820 Pau·

139 3851 234 3933 lum,)
256 3853 351 3914 sitin
376 3852 523 3913 Domino
547 3851 622 3914 Deo
642 3851 820 3914 Salvatore
837 3851 915 3932 Jesu
936 3851 1083 3924 Christo,
1103 3852 1252 3933 sequitur

140 3946 229 4027 quod
247 3945 324 4026 Ipse
344 3944 434 4006 solus
451 3946 495 4007 sit
515 3946 700 4017 adeundus,
714 3946 944 4019 advocandus,
957 3955 992 4008 et
1009 3945 1192 4021 colendus;
1215 3954 1251 4008 et

140 4041 229 4122 quod
246 4059 321 4102 cum
338 4038 403 4102 hoc
420 4038 468 4111 fit,
483 4039 581 4101 simul
598 4040 738 4101 adeatur
751 4038 850 4102 Pater
861 4061 877 4117 3·
893 4050 928 4102 et
945 4039 1035 4121 quod
1055 4038 1116 4120 [ita
1133 4036 1250 4120 homo]

140 4136 280 4215 recipiat
297 4132 456 4215 Spiritum
474 4131 657 4196 Sanctum:
683 4134 783 4197 docet
801 4135 890 4197 enim
910 4135 999 4217 quod
1020 4133 1097 4214 Ipse
1116 4135 1159 4196 sit
1174 4134 1249 4203 Via,

141 4229 289 4303 Veritas,
307 4239 341 4291 et
362 4228 455 4302 Vita,
473 4238 508 4292 et
527 4229 616 4309 quod
636 4248 736 4290 nemo
755 4230 869 4291 veniat
889 4229 932 4290 ad
952 4229 1087 4290 Patrem
1107 4228 1169 4289 nisi
1193 4247 1251 4308 per

141 4321 276 4404 Ipsum;
311 4333 345 4386 et
369 4323 458 4403 quod
482 4323 536 4403 qui
560 4342 619 4403 per
638 4321 738 4383 Illum
762 4331 798 4385 ut
827 4322 970 4402 Januam
994 4342 1061 4385 non
1085 4322 1190 4384 intrat
1217 4321 1250 4382 in

142 4416 227 4480 ovile
254 4416 334 4497 (hoc
360 4425 423 4489 est,
447 4417 480 4478 in
508 4414 715 4496 ecclesiam),
737 4435 804 4479 non
832 4416 875 4479 sit
904 4425 1031 4498 pastor,
1055 4415 1114 4478 sed
1142 4415 1192 4477 fur
1215 4424 1249 4476 et
