2776 5040
547 462 599 516 DE
619 452 850 517 emmam
911 542 919 563 ο
963 478 968 489 ·

453 843 731 912 ARTICULUS
759 843 946 913 PRIMUS.

138 1076 251 1160 Quon
273 1092 422 1144 animun
444 1092 677 1146 cnnnnnns
695 1093 753 1146 sn
770 1093 960 1146 spectans
978 1093 1031 1145 no
1054 1080 1247 1158 Domnuu,

262 1190 482 1242 carneuna
505 1191 613 1241 unna
636 1191 685 1244 υτ
707 1192 885 1243 naccnnn.

200 1385 302 1470 Quod
317 1388 464 1452 charitas
480 1408 539 1452 seu
553 1407 649 1452 amor
663 1409 745 1470 erga
760 1390 952 1471 proximum
971 1389 1017 1454 sit
1038 1390 1168 1454 bonum
1183 1389 1249 1453 aliis

136 1481 255 1557 facere,
279 1492 397 1546 notum
421 1492 494 1561 est;
524 1483 585 1546 sed
607 1483 779 1566 quomodo
800 1482 918 1565 aliquis
940 1482 1068 1547 bonum
1090 1483 1201 1560 faciet,
1217 1493 1250 1548 et

136 1576 264 1657 quibus,
295 1585 332 1640 ut
362 1576 509 1640 charitas
542 1577 586 1641 sit
615 1577 773 1651 charitas,
803 1578 837 1640 in
866 1578 1085 1659 sequentibus
1115 1579 1249 1643 dicetur.

137 1669 286 1753 Quisque
309 1672 374 1734 scit
396 1670 486 1752 quod
510 1690 611 1735 nemo
633 1672 740 1752 possit
762 1672 888 1734 bonum
910 1670 1030 1746 facere,
1048 1673 1142 1755 quod
1164 1674 1198 1737 in
1217 1691 1251 1736 se

135 1765 260 1827 bonum
276 1774 340 1839 est,
357 1762 419 1827 nisi
434 1764 478 1827 ab
493 1764 573 1846 Ipso
588 1765 643 1847 qui
665 1777 719 1829 est
742 1764 855 1846 ipsum
880 1764 1023 1840 Bonum,
1040 1785 1101 1829 seu
1124 1765 1250 1831 Bonum

136 1860 168 1921 in
184 1856 239 1933 Se,
255 1859 303 1922 ita
318 1859 380 1921 nisi
402 1878 423 1922 a
445 1858 520 1921 Deo
534 1879 542 1935 ;
565 1869 600 1922 et
616 1878 750 1942 quoque
766 1868 881 1940 potest
897 1859 1035 1941 quisque
1051 1859 1149 1935 scire,
1166 1859 1251 1943 quod

70 2002 74 2009 .
135 1953 247 2027 homo,
260 1953 418 2034 quamdiu
433 1953 533 2016 estin
548 1952 649 2028 malo,
662 1953 711 2016 ita
725 1972 784 2035 per
796 1952 921 2016 malum
934 1972 1009 2015 cum
1025 1953 1175 2031 diabolo,
1189 1974 1250 2018 non

135 2048 242 2128 possit
271 2046 380 2110 iacere
402 2047 492 2110 aliud
521 2046 647 2111 bonum
669 2066 769 2129 quam
791 2047 967 2128 impurum,
991 2046 1083 2128 quod
1105 2049 1251 2112 exterius

135 2151 275 2223 apparet
288 2150 324 2204 ut
341 2141 477 2216 bonum,
490 2141 551 2204 sed
567 2141 705 2204 interius
717 2151 769 2204 est
785 2139 931 2218 malum;
954 2141 1045 2222 quod
1061 2140 1189 2206 bonum
1201 2140 1251 2206 vel

134 2245 188 2299 est
204 2235 429 2298 Pharisaicum
445 2234 500 2298 vel
516 2244 569 2299 est
585 2235 812 2312 meritorium
836 2254 938 2316 quare
954 2253 1133 2298 necessum
1149 2244 1203 2301 est
1217 2244 1250 2299 ut

134 2329 379 2410 praemittatur,
397 2328 504 2411 qualis
519 2329 623 2393 homo
638 2331 712 2404 erit,
728 2339 766 2391 ut
788 2329 914 2392 bonum
929 2327 1020 2410 quod
1043 2329 1199 2410 procedit
1211 2329 1250 2392 ab

136 2421 195 2487 illo
208 2423 252 2486 sit
267 2422 301 2485 in
316 2442 352 2484 se
368 2421 504 2498 bonum,
521 2423 569 2486 ita
584 2422 708 2486 bonum
725 2423 910 2487 charitatis.

197 2514 266 2580 Sed
281 2516 346 2579 hoc
363 2516 493 2580 dicetur
508 2517 542 2580 in
558 2517 622 2581 hoc
639 2517 755 2580 ordine
767 2537 820 2578 :-

373 2675 393 2727 1.
419 2675 491 2732 cuod
499 2691 574 2729 nomo
583 2675 671 2744 possit
679 2676 774 2730 dudm
786 2675 937 2729 civitatem
949 2675 1027 2729 nisio
1039 2676 1155 2731 domino.

365 2785 392 2838 2.
418 2785 573 2842 Ouodnomo
582 2785 773 2853 possithutors
784 2786 936 2839 charitatem
953 2801 970 2839 n
987 2786 1093 2841 nomino
1104 2788 1159 2842 niti
1174 2787 1252 2857 ruan

466 2854 700 2920 muloutpeccotu.
1145 2892 1148 2898 -

364 2957 392 3010 3.
418 2957 490 3014 duod
503 2958 578 3010 tomo
590 2958 683 3011 dotent
693 2961 784 3027 heym
795 2961 863 3010 mula
876 2963 906 3011 ut
918 2963 1027 3026 peccato
1038 2963 1110 3012 deut
1125 2975 1142 3013 n
1159 2975 1197 3020 u.
1208 2961 1253 3014 ud

466 3039 548 3092 usquo
558 3040 575 3077 α
587 3025 699 3077 domino.

363 3133 389 3185 4.
414 3132 687 3253 θνοόοζιὲαῃέᾳῃπῃοᾳυίο
697 3149 747 3186 non
760 3134 827 3202 tuqit
837 3136 905 3187 muln
918 3138 949 3186 ut
958 3137 1075 3201 morra.
1088 3139 1189 3189 tuntum
1201 3150 1251 3188 mu·

464 3215 481 3252 n
541 3215 587 3252 mr
606 3216 638 3252 ι.

363 3310 391 3361 5.
417 3308 490 3365 uuor
499 3312 620 3376 qvantvm
633 3308 691 3376 qm'a
701 3323 750 3361 non
762 3309 894 3376 coquoscit
904 3313 932 3361 ot
942 3308 994 3362 scit
1006 3313 1117 3376 peccatu
1129 3324 1253 3377 quaenam

464 3379 534 3494 ζετο
547 3380 644 3494 &tum
656 3390 706 3428 non
720 3375 805 3428 vident
814 3375 893 3428 utitor
902 3390 979 3443 quum
993 3376 1062 3442 quod
1077 3377 1178 3444 ubsque
1192 3391 1255 3444 poc·

364 3548 391 3600 6.
416 3547 489 3604 duod
504 3552 625 3615 quantum
649 3547 706 3614 quis
726 3547 857 3616 cognoscit
879 3552 906 3600 ot
928 3548 980 3601 scit
997 3550 1107 3615 perroto
1145 3561 1256 3601 vaenum

464 3618 532 3672 sunt,
551 3619 649 3666 tontum
670 3614 758 3682 possit
775 3615 861 3667 vidoro
877 3615 921 3667 illu
938 3614 1009 3683 opud
1023 3628 1061 3673 so,
1077 3629 1125 3666 con
1190 3613 1256 3667 'illu

465 3695 552 3733 comm
564 3680 675 3740 domino,
689 3685 717 3734 et
724 3681 906 3749 poenitentium
917 3682 951 3733 ut
962 3680 1014 3733 illia
1025 3694 1113 3748 upon.

367 3789 390 3841 7.
415 3789 588 3909 duodgonum
599 3795 660 3843 anto
669 3789 850 3858 poenitentium
862 3806 912 3843 non
923 3790 961 3843 sit
970 3791 1070 3849 torm
1082 3789 1121 3843 ito
1132 3805 1181 3844 nee
1192 3790 1255 3843 eho·

463 3872 486 3908 rr
515 3872 538 3909 s.

364 3960 391 4013 8.
418 3962 608 4028 Consequentur
618 3963 687 4029 qvod
700 3961 810 4029 palmum
823 3961 959 4015 choritnh's
970 3961 1007 4014 rit
1019 3966 1142 4029 spectare
1153 3963 1190 4015 nd
1205 3962 1255 4015 οο-

463 4043 610 4147 amne
623 4031 713 4096 rupere
724 4029 793 4081 mutu
807 4033 837 4081 ut
849 4033 965 4096 peccatu,
978 4029 1047 4096 quod
1062 4031 1092 4081 nt
1104 4044 1155 4097 por
1164 4030 1255 4097 poeni·

133 4315 158 4375 m·
250 4289 345 4356 [Nora
368 4300 405 4338 nx
429 4288 565 4337 Mannum
586 4288 820 4355 s1N1srnn:]-Ex
841 4287 919 4338 Paulo
936 4288 969 4336 de
989 4304 1074 4337 amore
1093 4304 1155 4354 erga
1171 4288 1252 4355 prori-

133 4380 157 4447 Ζ·
182 4355 324 4487 Qua-ug
343 4355 470 4421 quaeritur
487 4354 550 4420 quid
567 4355 685 4420 primum,
704 4371 737 4404 an
755 4354 843 4420 sugere
861 4354 906 4404 illa
924 4364 950 4403 ut
968 4353 1044 4414 male,
1058 4354 1101 4404 vel
1119 4371 1153 4405 an
1171 4369 1253 4405 amm
