2776 5040
404 859 991 931 [mune-mm]

649 1443 744 1529 [IX]

138 1640 267 1727 [Quon
292 1655 496 1708 sesenna
520 1654 754 1706 ennarrans
775 1654 862 1706 sm
882 1653 1011 1706 omn
1031 1655 1133 1707 noun
1151 1650 1236 1719 Quas

263 1755 386 1816 nouo,
401 1754 467 1819 our
489 1753 557 1804 ssr
578 1753 780 1815 cusanus,
796 1753 909 1804 racrr
923 1753 1056 1806 mun
1068 1754 1166 1807 sumi
1184 1750 1237 1804 or·

261 1853 393 1907 nemu
415 1853 467 1904 ux
489 1851 840 1919 nmero-asma.
849 1836 946 1923 m]

134 2416 160 2469 4.
186 2409 1244 2481 uuummmmmiumnmruuqnmnt

234 2497 263 2545 ot
272 2490 312 2545 rie
322 2506 390 2559 qnae
400 2490 426 2543 in
438 2488 567 2542 iemnciia
578 2487 631 2541 illia
642 2492 692 2540 erl.

199 2625 369 2692 Beneficia
385 2624 443 2689 illa
457 2634 536 2688 sunt
558 2634 659 2688 extra
673 2623 856 2697 hominem,
871 2632 908 2686 at
931 2622 1080 2687 charitas
1095 2632 1149 2688 est
1170 2624 1246 2687 intra

135 2724 239 2798 illum,
255 2731 291 2786 et
313 2722 453 2804 quisque
468 2719 618 2782 salvatur
637 2718 821 2781 secundum
843 2717 942 2799 quale
964 2718 1046 2782 boni
1068 2738 1129 2781 seu
1151 2716 1246 2782 chari·

135 2819 217 2882 tatis
239 2818 272 2880 in
295 2815 363 2880 illo.
407 2814 558 2896 Plerique
582 2823 660 2894 post
676 2822 832 2886 mortem,
848 2812 904 2894 qui
925 2811 959 2874 in
982 2812 1112 2876 mundo
1127 2812 1246 2894 cogita·

135 2920 255 2975 verunt
279 2911 322 2974 de
344 2908 453 2973 salute
469 2928 538 2982 sua,
556 2908 633 2989 quia
654 2915 735 2969 tunc
751 2906 868 2968 vident
883 2925 920 2968 se
935 2905 1043 2979 vivos,
1059 2917 1097 2970 et
1119 2907 1247 2970 audiunt

135 3005 225 3088 quod
241 3003 373 3068 coelum
385 3013 421 3066 et
436 3002 598 3065 insemum
615 3001 694 3075 sint,
704 3000 881 3063 venditant
895 3000 985 3081 quod
1001 2999 1093 3063 bona
1106 3000 1247 3073 fecerint,

135 3099 290 3162 dederint
327 3096 536 3179 pauperibus,
566 3095 724 3176 opitulati
753 3095 820 3156 sint
857 3093 1100 3175 indigentibus,
1131 3095 1248 3179 aliquas

135 3203 269 3273 sportas
284 3190 489 3255 contulerint
505 3189 547 3253 ad
571 3209 648 3252 usus
671 3190 753 3270 pios.
798 3185 866 3251 Sed
888 3188 1010 3251 dicitur
1025 3187 1103 3263 illis,
1120 3189 1178 3253 Ex
1193 3207 1249 3273 qua

135 3287 263 3368 origine
284 3285 409 3348 lecistis
434 3284 500 3346 illa
545 3283 634 3346 Num
651 3282 781 3365 fugistis
797 3281 887 3344 mala
907 3290 944 3344 ut
968 3292 1124 3363 peccata
1169 3283 1250 3348 Num

135 3380 345 3460 cogitavistis
361 3380 403 3441 de
420 3377 493 3441 illis.
539 3375 685 3458 Quidam
701 3376 908 3457 respondent
925 3376 1015 3457 quod
1034 3374 1138 3441 fidem
1152 3378 1252 3443 habu·

135 3474 231 3536 erint.
276 3470 343 3535 Sed
359 3473 489 3546 dicitur,
507 3470 541 3535 Si
558 3491 625 3534 non
641 3472 872 3553 cogitaveritis
887 3472 929 3534 de
942 3469 1039 3533 malis
1055 3482 1093 3535 ut
1110 3474 1256 3553 peccatis

135 3567 224 3649 apud
236 3587 306 3641 vos,
320 3568 489 3649 quomodo
503 3566 679 3647 potueritis
690 3564 791 3628 fidem
803 3565 937 3629 habere.
969 3565 1071 3628 Fides
1083 3577 1120 3630 et
1132 3566 1259 3631 malum

136 3660 474 3743 nonseconjungunt.
499 3656 1262 3743 Quareinquiriturvitaejusinsundlioneejus,

136 3774 215 3818 num
229 3764 365 3836 propter
378 3755 511 3829 samam,
524 3754 688 3817 honorem
701 3763 735 3816 et
749 3753 886 3827 lucrum,
900 3763 936 3816 ut
949 3753 1146 3834 principalia
1157 3755 1265 3830 bona,

137 3869 214 3911 usus
229 3845 406 3912 lundiionis
422 3869 501 3911 suae
518 3848 644 3924 lecerit,
659 3848 708 3910 ita
723 3856 862 3928 propter
876 3867 923 3920 se,
936 3844 991 3908 vel
1015 3865 1094 3908 num
1120 3858 1265 3931 propter

137 3943 337 4024 proximum.
370 3942 494 4005 Dicunt
504 3942 595 4023 quod
608 3941 693 4005 haec
704 3961 771 4004 non
781 3941 997 4003 distinxerint
1010 3941 1068 4003 ita.
1099 3940 1266 4024 Respon-

136 4039 244 4110 detur‚
258 4034 292 4099 Si
309 4033 540 4117 spediaveritis
552 4035 596 4098 ad
613 4035 723 4098 Deum
736 4045 771 4098 et
787 4034 936 4116 fugeritis
949 4033 1038 4097 mala
1050 4045 1088 4098 ut
1104 4046 1258 4116 peccata,

136 4142 217 4195 tunc
233 4129 290 4194 illa
306 4130 372 4193 duo
388 4150 424 4193 se
440 4151 484 4193 ex
500 4150 536 4193 se
552 4130 775 4211 distinguunt,
785 4130 861 4211 quia
877 4128 1041 4192 Dominus
1057 4129 1258 4214 distinguit;

136 4235 171 4288 ct
188 4233 350 4306 quantum
366 4244 434 4287 non
451 4225 483 4286 id
505 4223 656 4298 fecerint,
673 4243 717 4286 ex
734 4223 824 4286 malo
847 4231 882 4285 et
906 4242 973 4285 non
989 4242 1033 4285 ex
1056 4223 1151 4287 bono
1173 4224 1259 4289 lece·

137 4320 212 4382 rint.
258 4318 336 4399 Ipsa
348 4315 479 4382 affectio
492 4316 634 4398 cujusvis
650 4319 917 4382 communicatur
931 4317 965 4379 in
980 4317 1108 4381 mundo
1125 4319 1257 4400 spiritu·

137 4412 191 4489 ali,
208 4421 243 4476 et
259 4414 448 4477 ostenditur
463 4412 569 4496 qualis
585 4422 637 4476 est
650 4433 659 4492 ;
682 4422 718 4477 et
730 4410 836 4495 qualis
851 4412 922 4493 ipse
937 4419 990 4474 est
1002 4412 1115 4494 quoad
1132 4408 1257 4478 allecti·
