2776 5040
307 529 359 582 ar
380 528 465 597 aJus
487 526 684 582 noemma
706 527 979 591 canuasrn-N.
1002 531 1071 599 149·
1206 528 1247 600 93

115 706 145 753 tt
156 713 225 753 non
239 697 274 752 in
283 697 487 760 voluntatem
501 705 532 751 et
541 696 623 767 quod
637 712 697 752 non
708 696 798 750 intrat
807 711 901 767 usque
915 695 944 750 in
954 695 1140 751 voluntatem
1151 694 1249 751 homi-

115 778 163 832 nis
173 793 243 832 non
257 777 294 832 fit
307 779 381 848 ejus,
392 792 461 831 nam
471 777 616 848 cogitatio
628 775 721 831 trahit
733 793 820 832 suurn
833 792 870 831 ex
883 776 1034 838 memoria,
1044 776 1096 831 sed
1109 776 1248 831 voluntas

115 874 152 913 ex
170 858 243 928 ipsa
256 857 330 912 vita
367 856 450 912 Nihil
465 872 590 929 usquam
606 857 731 911 liberum
746 867 792 912 est
806 857 887 928 quod
903 872 963 912 non
978 865 1025 911 ast
1038 872 1076 911 ex
1090 853 1249 912 alietiione

115 954 200 1009 quae
215 938 347 1000 amoris3
367 937 508 1008 quicquid
524 937 604 992 enirn
623 936 716 993 homo
729 938 794 992 vult
809 953 861 992 seu
879 947 968 999 amat,
981 937 1040 991 hoc
1058 937 1148 992 libere
1163 935 1248 991 iacit:

118 1020 194 1075 inde
209 1030 260 1074 αι
269 1019 351 1089 quod
364 1018 490 1073 liberum
503 1017 633 1074 hominis
642 1027 674 1072 et
686 1015 805 1072 afletiio
817 1033 893 1088 quae
902 1028 949 1072 est
961 1017 1071 1085 amoris
1080 1033 1132 1073 seu
1142 1018 1248 1072 volun·

118 1101 196 1155 tatis
215 1100 293 1170 ejus,
308 1114 401 1152 unum
419 1097 495 1160 sint;
520 1098 588 1152 ideo
606 1097 705 1168 itaque
724 1096 838 1152 homini
857 1097 990 1160 liberum.
1006 1107 1040 1152 ut
1059 1097 1153 1168 possit
1170 1095 1247 1152 affici

123 1195 198 1236 vero
214 1189 248 1235 et
267 1179 357 1239 bono.
370 1194 422 1233 seu
437 1193 537 1233 amare
552 1178 609 1240 illa,
622 1186 653 1232 et
671 1177 714 1233 sic
728 1176 791 1232 fieri
810 1177 888 1233 sicut
902 1178 967 1247 ejus
982 1179 1108 1248 propria„
1139 1177 1247 1238 Verbo,

126 1258 274 1331 quicquid
294 1273 354 1312 non
369 1258 460 1312 intrat
479 1257 508 1311 in
527 1257 621 1312 libero
635 1257 714 1327 apud
730 1255 893 1320 hominem,
903 1272 965 1312 non
980 1267 1088 1320 manet,
1103 1256 1173 1327 quia
1188 1272 1248 1310 non

127 1351 171 1396 tat
185 1338 303 1396 arnonis
317 1354 369 1393 seu
381 1337 544 1393 voluntatis
558 1338 638 1409 ejus:
656 1347 688 1392 et
702 1353 778 1409 quae
793 1353 854 1393 non
869 1348 940 1392 sunt
954 1338 1064 1392 amoris
1079 1354 1131 1393 seu
1143 1338 1249 1393 volun·

127 1420 197 1476 tatis
211 1418 354 1480 hominis,
367 1433 428 1472 non
440 1428 511 1474 sunt
523 1418 587 1489 ejus
600 1418 735 1489 spiritus:
752 1433 818 1474 esse
832 1417 912 1474 enim
926 1418 1048 1489 spiritus
1060 1418 1190 1473 hominia
1203 1425 1249 1472 est

129 1516 213 1556 amor
225 1516 280 1554 seu
293 1497 432 1553 voluntas
434 1537 547 1554 .......

180 1589 196 1610 ··
204 1579 250 1636 Ut
263 1579 356 1634 homo
371 1578 402 1632 in
415 1577 509 1633 libero
520 1578 569 1642 sit,
581 1593 618 1632 ex
630 1593 720 1633 causa
731 1587 766 1632 ut
778 1576 963 1641 reformetur,
977 1576 1045 1633 ideo
1057 1576 1250 1649 conjungitur

130 1661 175 1717 ille
184 1660 288 1733 quoad
299 1658 437 1730 spiritum
447 1674 534 1713 suurn
544 1674 611 1713 curn
621 1658 705 1712 caelo
714 1667 823 1713 etcum
837 1656 962 1713 inferno.
993 1656 1070 1714 Sunt
1079 1659 1159 1713 enim
1168 1659 1248 1729 apud

128 1739 363 1813 unumquemvis
382 1739 533 1793 hominem
548 1738 670 1809 spiritus
688 1755 725 1793 ex
744 1737 868 1802 inferno,
880 1747 912 1793 et
926 1739 1024 1810 angeli
1042 1755 1059 1794 e
1077 1739 1176 1802 caelo:
1197 1754 1250 1810 per

128 1822 249 1893 spiritus
262 1836 302 1876 ex
316 1818 435 1875 inferno
446 1827 493 1874 est
505 1820 598 1874 homo
611 1819 641 1873 in
653 1835 708 1874 suo
720 1819 807 1881 malo.
821 1835 874 1889 per
885 1819 1007 1890 angelos
1019 1828 1118 1874 autem
1134 1834 1151 1874 e
1165 1818 1249 1874 caelo

125 1902 278 1958 esthemo
292 1901 325 1956 in
338 1901 422 1954 bono
432 1915 452 1956 a
464 1899 610 1963 Domino:
629 1899 671 1954 ita
684 1899 714 1954 in
726 1899 902 1970 aequilibrio
913 1899 1067 1970 spirituali.
1080 1899 1139 1954 hoc
1149 1909 1204 1962 est,
1218 1899 1248 1952 in

125 1983 224 2039 libero.
262 1979 360 2054 Quod
376 1979 470 2035 cuivis
486 1979 600 2035 homini
615 1980 675 2035 sint
690 1977 823 2050 adjuncti
834 1979 932 2052 angeli
947 1995 964 2034 e
978 1979 1070 2042 caelo,
1082 1989 1114 2034 et
1128 1978 1249 2050 spiritus

124 2079 160 2119 ex
172 2063 303 2125 inferno,
313 2060 456 2115 videatur
469 2060 498 2114 in
510 2059 637 2116 articulo
648 2059 693 2117 De
704 2057 923 2131 eonjunttione
932 2057 1014 2116 Caeli
1026 2075 1095 2115 curn
1108 2058 1250 2114 Humano

123 2143 233 2202 Genera
247 2146 295 2214 (n.
311 2139 478 2212 291-30²l·”
