2776 5040
515 497 824 549 auderanno-n.
840 500 890 549 21.
1218 501 1261 566 29

137 670 264 752 angeli,
285 670 376 752 quod
399 668 522 733 sadtum
545 680 598 733 est
620 668 806 733 intervallis
826 670 1027 735 vastationis
1048 679 1083 733 et
1102 690 1260 733 consum-

139 766 300 828 mationis
319 764 505 840 Ecclesiae,
525 784 593 828 non
616 765 763 846 potuerit
781 764 893 847 aliqua
912 762 1066 828 doitrina
1084 764 1261 828 Ecclesiae

139 880 161 922 a
184 859 334 922 Domino
356 880 415 941 per
433 859 564 922 caelum
587 860 631 922 ad
653 860 807 922 homines
828 859 958 923 telluris
977 860 1105 923 deferri.
1151 859 1261 925 Causa

140 962 195 1015 est
207 954 285 1034 quia
300 953 403 1017 homo
418 963 499 1017 tunc
516 954 549 1016 in
565 953 677 1017 medio
690 963 883 1017 satanarum
900 962 963 1028 est,
977 963 1012 1016 et
1028 964 1168 1017 satanae
1184 975 1260 1018 cum

139 1047 209 1109 suis
221 1046 312 1109 salsis
325 1047 567 1111 circumvelant
579 1057 680 1129 caput
693 1047 773 1128 ejus,
787 1067 825 1110 ac
839 1048 1001 1129 inspirant
1011 1046 1157 1128 jucunda
1170 1048 1260 1123 mali,

139 1150 176 1204 et
207 1141 286 1203 inde
312 1161 455 1204 amoena
483 1141 567 1216 salsi,
595 1161 654 1223 per
680 1162 765 1225 quae
793 1142 1034 1205 obtenebratur
1060 1144 1170 1206 omnis
1200 1142 1260 1206 lux

139 1255 159 1296 e
187 1234 293 1307 caelo.
322 1255 360 1297 ac
388 1235 598 1317 intercipitur
623 1256 723 1298 omne
750 1235 872 1317 volupe
898 1245 934 1298 et
964 1255 1143 1299 amoenum
1169 1238 1260 1314 veri;

139 1330 300 1411 quamdiu
318 1330 371 1392 hic
388 1339 498 1391 status
515 1339 656 1412 perstat,
674 1349 741 1393 non
759 1340 874 1411 potest
890 1329 1002 1412 aliqua
1017 1328 1172 1393 dodtrina
1190 1333 1260 1394 veri

138 1431 176 1486 et
195 1422 275 1486 boni
293 1443 312 1486 e
331 1423 426 1486 caelo
444 1423 571 1485 infundi
593 1424 730 1497 homini,
751 1424 827 1504 quia
845 1422 1048 1486 falsificatur.
1093 1424 1143 1488 At
1163 1434 1259 1507 post-

139 1536 241 1598 quam
264 1517 327 1580 hoc
350 1517 506 1580 velamen
529 1518 768 1599 complicatum
792 1538 836 1580 ex
862 1516 964 1591 falsis,
988 1539 1046 1580 seu
1069 1521 1259 1600 operimen-

138 1621 215 1674 tum
229 1612 350 1693 capitis
366 1632 386 1674 a
401 1612 540 1687 satanis,
557 1632 577 1674 a
595 1611 744 1675 Domino
759 1611 928 1674 sublatum
945 1621 1009 1687 est,
1026 1614 1115 1694 quod
1135 1611 1259 1677 sadlum

137 1714 193 1768 est
216 1724 276 1787 per
294 1704 461 1769 Ultimum
483 1705 649 1786 Judicium
674 1704 731 1787 (de
754 1726 821 1786 quo
844 1726 943 1786 supra
965 1707 997 1767 in
1021 1707 1164 1769 articulo
1186 1708 1257 1790 iu),

137 1809 220 1862 tunc
236 1799 339 1862 fertur
354 1799 458 1862 homo
476 1800 593 1881 spiritu
609 1799 683 1880 plus
699 1799 804 1862 libero
823 1808 858 1862 et
877 1810 1067 1881 spontaneo
1086 1801 1128 1863 ad
1146 1802 1257 1865 discu-

138 1892 293 1955 tiendum
312 1892 395 1956 salsa
418 1904 453 1956 et
476 1894 519 1956 ad
542 1893 769 1975 recipiendum
788 1913 876 1955 vera.
922 1892 1025 1974 Apud
1048 1894 1125 1957 illos
1144 1897 1198 1976 qui
1222 1917 1258 1959 se

137 1988 412 2061 accommodant,
433 1998 468 2051 et
491 2008 527 2050 se
550 2008 571 2049 a
594 1987 741 2050 Domino
760 1987 933 2068 patiuntur
951 1988 1037 2062 duci,
1058 1999 1178 2069 postea
1198 1991 1257 2053 de·

138 2081 266 2144 rivatur
288 2091 322 2145 et
349 2082 573 2144 introducitur
595 2078 749 2144 doctrina
772 2081 849 2144 novi
873 2081 967 2155 caeli,
991 2103 1076 2164 quae
1099 2094 1151 2145 est
1175 2084 1257 2147 doc-

137 2176 228 2239 trina
254 2178 323 2239 veri
351 2187 386 2240 et
416 2176 506 2250 boni,
534 2177 619 2238 sicut
649 2196 704 2239 ros
732 2174 869 2238 diluculi
897 2196 916 2238 e
945 2176 1041 2239 caelo
1070 2178 1103 2240 in
1133 2187 1257 2241 terram

138 2271 275 2343 cadenS,
295 2271 350 2352 qui
373 2271 562 2352 graminum
580 2268 745 2332 folliculos
763 2269 881 2351 aperit,
902 2289 940 2332 ac
960 2289 1096 2333 succum
1115 2282 1256 2352 vegeta·

136 2364 241 2426 bilem
257 2383 372 2426 eorum
387 2362 582 2440 edulcorat;
606 2374 642 2426 et
660 2372 713 2426 est
729 2364 815 2426 sicut
831 2383 909 2426 man
925 2365 1015 2446 quod
1031 2365 1065 2427 in
1081 2367 1257 2430 matutinis

137 2459 277 2532 decidit,
296 2466 332 2520 et
351 2466 423 2520 erat
443 2458 515 2519 visu

189 2614 207 2636 “
218 2611 400 2738 δίειέῑὶεῑῖοη
411 2610 546 2737 ςοτίἳηὰτί
562 2610 662 2668 album,
676 2619 703 2660 et
719 2619 800 2673 gustu
811 2611 879 2660 sicut
895 2610 1020 2674 placenta
1031 2612 1110 2661 melle
1122 2610 1257 2663 subadia”

304 2693 324 2724 x
355 2691 427 2726 ‚xvn
439 2688 469 2735 31
493 2689 498 2734 ;

135 2837 173 2891 et
196 2835 249 2889 est
272 2825 358 2888 sicut
381 2823 493 2907 pluvia
516 2825 720 2906 tempestiva
738 2844 824 2907 quae
843 2824 976 2887 novalia
994 2825 1066 2906 agri
1090 2825 1254 2892 refocillat

135 2932 172 2985 et
200 2920 388 3002 germinare
414 2918 513 2995 lacit;
547 2928 666 2998 estque
693 2919 779 2980 sicut
808 2918 991 2999 fragrantia
1017 2919 1183 2982 exhalans
1209 2941 1253 2984 ex

135 3017 237 3096 agris,
250 3013 368 3086 hortis,
382 3022 416 3074 et
430 3013 557 3093 campis
569 3011 727 3086 floriferis
741 3032 840 3094 quam
854 3009 971 3094 pectus
983 3013 1124 3076 attrahit
1137 3015 1254 3095 spiritu

135 3117 295 3191 prompto
317 3116 352 3169 et
377 3105 478 3169 laeto.
523 3105 573 3169 At
596 3125 700 3188 usque
720 3105 885 3169 Dominus
904 3108 1072 3170 neminem
1097 3109 1190 3188 cogit
1213 3129 1253 3173 ac

135 3203 277 3266 invitum
301 3201 418 3282 adigit,
438 3201 524 3263 sicut
543 3201 616 3283 quis
635 3199 824 3281 jumentum
844 3199 976 3280 flagris;
1000 3201 1059 3263 sed
1079 3201 1252 3266 volentem

136 3297 289 3369 attrahit,
309 3306 344 3358 et
368 3305 487 3376 postea
510 3294 612 3366 ducit,
629 3293 754 3375 jugiter
776 3295 809 3356 in
832 3294 924 3356 omni
946 3296 1144 3375 apparentia
1166 3297 1253 3360 sicut

134 3392 254 3456 volens
275 3391 377 3453 homo
399 3390 525 3452 bonum
543 3399 661 3470 ageret
680 3399 715 3451 et
738 3385 879 3451 veruml¹¹
898 3390 1051 3452 crederet
1070 3411 1090 3452 a
1109 3410 1154 3463 se,
1175 3410 1251 3454 cum

134 3496 251 3550 tamen
278 3505 322 3547 ex
351 3484 510 3558 Domino,
533 3485 588 3566 qui
614 3501 716 3545 omne
742 3483 923 3564 genuinum
950 3483 1075 3546 bonum
1099 3485 1189 3547 vitae
1216 3495 1252 3548 et

134 3598 237 3643 omne
254 3579 437 3660 genuinum
454 3584 570 3641 verum
589 3576 665 3640 fidei
684 3579 718 3640 in
737 3577 796 3640 illo
814 3587 983 3659 operatur.

194 3796 257 3847 οι.
286 3781 358 3855 (rii)
383 3780 468 3850 duod
487 3780 619 3842 Divinum
639 3779 697 3842 hoo
718 3799 792 3859 opus
813 3780 905 3843 simu!
922 3779 1045 3843 dicutur
1067 3780 1251 3861 Redemptio,

133 3873 201 3936 alno
216 3891 276 3954 qua
290 3890 349 3933 non
363 3868 473 3952 aliquit
491 3870 577 3932 homo
594 3874 699 3949 polest
717 3870 844 3943 salvari,
859 3868 930 3952 quio
943 3890 1002 3932 non
1016 3870 1251 3953 regenerari.-

135 3962 236 4046 Quod
269 3963 458 4044 redemptio
490 3959 578 4025 faeta
609 3982 630 4024 a
662 3961 821 4038 Domino,
853 3981 928 4025 cum
958 3962 1017 4024 luit
1047 3963 1081 4024 in
1112 3964 1249 4038 mundo,

133 4059 231 4122 luerit
260 4058 452 4139 subjugatio
480 4057 695 4130 infernorum,
723 4057 890 4120 ordinatio
916 4057 1097 4130 caelorum,
1125 4067 1160 4120 et
1190 4076 1250 4138 per

133 4152 191 4215 illa
220 4153 432 4233 praeparatio
461 4151 505 4213 ad
538 4169 660 4213 novam
691 4150 880 4215 Ecclesiam
911 4151 1127 4232 spiritualem,
1155 4152 1248 4214 vide-

133 4255 209 4308 atur
238 4247 270 4308 in
304 4266 406 4328 opere
444 4244 530 4308 Vera
562 4243 760 4308 Christiana
789 4244 918 4327 Religio
950 4243 997 4326 (n.
1032 4259 1183 4325 115-117,
1214 4256 1249 4309 et

133 4359 270 4422 porroa
293 4359 325 4402 n.
351 4340 407 4402 118
426 4340 469 4402 ad
496 4337 581 4420 133).
625 4337 692 4404 Sed
716 4339 875 4421 quiahoc
900 4359 1023 4402 novum
1047 4350 1110 4413 est,
1131 4349 1165 4402 et
1189 4359 1248 4421 per

133 4432 267 4497 saecula
289 4436 375 4497 sicut
403 4434 496 4497 navis
523 4432 684 4516 naufraga
709 4453 786 4497 cum
812 4433 967 4515 pretiosis
993 4433 1060 4495 suis
1086 4434 1118 4495 in
1145 4432 1249 4496 fundo
