2776 5040
143 466 183 547 56
613 481 784 534 conotus.

141 649 295 720 Argenteo
314 647 400 703 Aevo
412 648 558 710 vixerunt,
572 647 629 703 luit
649 650 846 721 intelligentia
862 666 899 706 ex
912 651 1090 707 veritatibus
1103 654 1253 724 spirituali·

140 720 195 774 bus
208 731 239 773 et
253 719 322 774 inde
336 720 533 782 naturalibus:
552 721 647 774 simile
661 722 741 775 enim
754 721 902 791 significat
914 724 1092 793 argentum!

193 789 252 842 “ln
266 790 474 858 perlustrando
485 793 587 844 urbem
601 791 731 846 vidimus
751 791 799 844 hic
813 803 843 846 et
862 793 901 845 ibi
913 804 1079 855 consortes,
1094 805 1160 847 tum
1175 796 1254 848 mari·

139 869 188 914 tos
201 870 232 914 et
245 876 360 914 uxores.
399 859 652 930 Exspedlavimus,
666 872 699 914 ut
712 862 819 915 alicubi
834 863 1044 925 invitaremur:
1069 876 1102 918 et
1119 881 1189 918 cum
1203 867 1254 919 hoc

140 931 169 984 in
192 931 294 984 animo
313 941 387 991 erat,
407 933 621 985 revocabamur
638 948 656 985 a
677 932 796 987 duobus
816 933 845 986 in
865 934 999 994 domum,
1018 950 1054 988 ac
1075 935 1254 990 intravimus.

141 1001 178 1054 Et
197 1002 320 1071 angelus
340 1018 394 1071 pro
413 1018 461 1057 me
484 1003 602 1057 locutus
620 1019 688 1057 curn
708 1003 767 1058 illis
785 1005 902 1073 aperuit
921 1020 1041 1059 causam
1061 1007 1210 1060 adventus
1229 1007 1253 1059 in

138 1072 197 1126 hoc
216 1073 339 1133 caelum,
359 1072 440 1142 quod
463 1083 541 1126 esset
561 1081 697 1143 ‘propter
715 1071 940 1128 instruciionem
962 1074 999 1129 de
1022 1076 1159 1130 moribus
1181 1078 1253 1146 apud

138 1143 201 1196 anti
225 1157 280 1195 uos
293 1158 309 1196 e
323 1143 432 1212 quibus
445 1143 537 1197 estis!

192 1221 207 1241 “
241 1223 255 1266 t
268 1214 494 1283 responderunt,
509 1212 587 1268 ‘Nos
600 1213 711 1268 fuimus
723 1230 760 1268 ex
779 1214 897 1284 populis
917 1215 947 1268 in
962 1215 1052 1277 Asia;
1077 1233 1114 1270 ac
1126 1218 1252 1271 studium

139 1294 258 1338 nostrae
271 1284 377 1338 aetatis
397 1283 453 1338 iuit
471 1284 604 1339 studium
617 1285 786 1346 veritatum,
801 1301 853 1355 per
871 1302 945 1355 quas
965 1287 1053 1340 nobis
1072 1286 1131 1341 luit
1151 1289 1253 1341 intelli·

137 1354 247 1423 gentia.
287 1353 355 1408 Hoc
376 1354 509 1408 studium
529 1354 626 1408 luerat
645 1355 761 1410 animae
783 1366 814 1409 et
837 1356 947 1409 mentis
966 1368 1088 1411 nostrae
1108 1359 1252 1419 studium:

138 1425 190 1478 sed
214 1424 346 1478 studium
368 1441 510 1479 sensuum
532 1441 691 1494 corporum
716 1436 885 1480 nostrorum
911 1425 1030 1481 fuerant
1056 1440 1253 1497 repraesenta·

137 1496 236 1549 tiones
254 1496 414 1549 veritatum
435 1496 464 1549 in
484 1495 587 1549 lormis
608 1497 805 1556 naturalibus:
830 1512 864 1550 ac
882 1497 1007 1551 scientia
1021 1500 1253 1569 corresponden-

137 1566 245 1619 tiarum
256 1566 413 1634 conjunxit
423 1568 571 1620 sensualia
580 1582 739 1636 corporum
751 1578 920 1621 nostrorum
931 1584 1000 1620 curn
1012 1571 1252 1638 perceptionibus

138 1637 282 1690 mentium
297 1648 474 1698 nostrarum,
489 1637 530 1691 ita
544 1637 689 1692 naturalia
704 1647 736 1691 et
748 1638 914 1707 corporalia
926 1654 995 1692 cum
1009 1639 1213 1708 spiritualibus
1225 1652 1253 1694 et

136 1708 322 1767 caelestibus,
331 1718 361 1761 et
371 1707 542 1761 conciliavit
552 1707 638 1761 nobis
645 1709 948 1762 communicationem
959 1725 1028 1762 cum
1039 1710 1156 1780 angelis
1166 1711 1253 1764 caeli!

190 1777 272 1831 “His
289 1777 407 1839 auditis,
422 1778 538 1848 rogavit
551 1778 674 1848 angelus
693 1788 726 1830 ut
744 1779 856 1848 aliquid
871 1779 908 1833 de
921 1780 1071 1850 conjugiis
1090 1782 1171 1849 apud
1192 1782 1253 1835 illos

137 1847 305 1903 referrentl¹¹
359 1848 396 1901 Et
419 1848 494 1902 dixit
517 1849 649 1910 maritus,
673 1848 741 1903 ‘Est
763 1850 1030 1918 correspondentia
1053 1851 1133 1904 inter
1155 1852 1252 1920 conju-

136 1919 217 1989 gium
238 1918 399 1987 spirituale,
421 1919 500 1989 quod
523 1929 569 1973 est
589 1920 660 1973 boni
681 1930 712 1973 et
732 1920 801 1981 veri,
822 1929 852 1973 et
873 1920 951 1974 inter
971 1921 1149 1991 conjugium
1172 1934 1251 1975 natu·

136 1990 204 2050 rale,
219 1989 299 2058 quod
319 2000 365 2043 est
378 1990 432 2042 viri
451 2005 518 2043 cum
533 2005 639 2051 uxore:
658 1999 689 2043 et
702 1991 772 2059 quia
788 1991 958 2044 studuimus
970 1992 1250 2060 correspondentiis,

135 2059 266 2113 vidimus
285 2061 365 2128 quod
390 2059 521 2115 Ecclesia
543 2076 610 2113 cum
634 2061 695 2114 suis
717 2060 795 2114 veris
816 2072 847 2115 et
868 2061 956 2114 bonis
979 2076 1170 2131 nequaquam
1193 2063 1251 2115 dari

137 2131 232 2200 possit
250 2130 329 2199 apud
349 2130 423 2184 alios
441 2146 532 2200 quam
551 2131 602 2200 qui
623 2130 652 2183 in
672 2147 774 2184 amore
792 2147 861 2185 vere
879 2131 1043 2200 conjugiali
1063 2133 1185 2193 vivunt:
1210 2147 1251 2187 est

136 2201 215 2255 euim
230 2201 402 2282 conjugium
417 2202 532 2255 boniet
551 2201 612 2255 veri
634 2199 766 2255 Ecclesia
777 2201 856 2270 apud
875 2201 1038 2255 hominem.
1077 2202 1179 2273 Quare
1192 2220 1250 2256 om·

137 2287 189 2324 nes
209 2287 264 2323 nos
282 2287 332 2340 qur
353 2270 401 2324 hic
420 2288 531 2334 sumus,
546 2272 674 2325 dicimus
692 2271 773 2340 quod
794 2271 918 2325 maritus
937 2272 976 2325 sit
994 2288 1110 2333 verum,
1131 2285 1162 2327 et
1181 2290 1252 2327 uxor

135 2342 200 2410 ejus
210 2342 271 2394 veri
283 2342 403 2402 bonum,
414 2352 444 2396 et
454 2343 534 2411 quod
548 2342 660 2395 bonum
672 2357 732 2394 non
744 2343 838 2411 possit
848 2357 947 2396 amare
957 2342 1038 2396 aliud
1050 2359 1155 2396 verum
1166 2361 1250 2414 quam

135 2413 216 2482 quod
236 2412 280 2465 sui
300 2422 354 2473 est,
369 2427 423 2465 nec
441 2427 544 2466 verum
565 2412 716 2467 redamare
741 2413 821 2465 aliud
841 2413 952 2466 bonum
973 2413 1088 2482 [quam]
1108 2417 1190 2483 quod
1209 2416 1250 2469 sui

135 2494 195 2543 est,
214 2483 237 2536 si
257 2482 346 2539 aliud,
361 2482 469 2551 periret
482 2483 655 2552 conjugium
670 2483 820 2536 internum
840 2499 891 2536 seu
912 2483 1067 2552 spirituale
1081 2487 1163 2554 quod
1185 2485 1250 2538 iacit

137 2552 307 2614 Ecclesiam,
326 2563 356 2606 et
383 2553 466 2606 tieret
489 2554 580 2606 modo
600 2553 773 2623 conjugium
793 2564 948 2606 externum
968 2570 1019 2606 seu
1041 2557 1186 2616 naturale,
1206 2557 1249 2609 cui

136 2624 303 2677 idololatria
316 2634 346 2676 et
360 2639 419 2676 non
436 2623 567 2676 Ecclesia
579 2623 810 2692 correspondet!

189 2703 203 2722 ⁶·
214 2693 269 2747 His
279 2693 366 2747 dictis
378 2692 538 2746 introdudli
549 2710 652 2747 sumus
664 2694 691 2746 in
709 2694 947 2753 antithalamum,
958 2695 1008 2747 ubi
1022 2695 1108 2763 plura
1118 2698 1250 2749 technica

134 2781 223 2834 super
237 2765 406 2832 parietibus,
421 2776 451 2817 et
472 2764 510 2816 im
552 2765 615 2818 ines
635 2780 742 2833 parvae
761 2765 838 2818 sicut
858 2763 939 2817 fusae
959 2782 994 2817 ex
1015 2780 1143 2834 argento
1161 2780 1250 2820 erant.

136 2835 173 2888 Et
193 2835 324 2904 quaesivi
339 2835 410 2957 quid
432 2835 487 2888 illa.
556 2835 680 2895 inerunt,
697 2834 787 2887 ‘Sunt
807 2833 938 2903 pidiurae
959 2846 988 2887 et
1009 2834 1124 2889 formae
1139 2854 1250 2905 reprae-

134 2905 299 2959 sentativae
326 2905 453 2974 purium
477 2906 664 2974 qualitatum,
709 2905 943 2958 raedicationum
970 2916 1000 2958 et
1027 2906 1247 2974 jucunditatum

134 2976 332 3044 spiritualium
343 2976 358 3035 ς’
380 2976 457 3029 sicut
471 2977 560 3029 etiam
575 2987 659 3029 erant
672 2922 793 3028 ciierubi
808 2987 838 3028 et
858 2976 972 3044 palmae
986 2993 1077 3045 super
1092 2979 1250 3046 parietibus

135 3045 250 3115 Templi
268 3046 541 3116 Hierosolymitani.

188 3117 285 3170 “Post
306 3118 378 3169 haec
392 3117 528 3185 apparuit
544 3133 560 3170 e
580 3116 744 3186 longinquo
758 3132 860 3169 currus
873 3114 986 3169 tracias
1000 3133 1017 3169 a
1031 3119 1149 3172 mannis
1163 3119 1249 3178 albis:

155 3204 194 3240 uo
209 3188 272 3240 viso
292 3186 367 3240 dixit
381 3187 523 3256 Angelus,
538 3186 608 3239 ‘lile
622 3203 724 3240 currus
737 3197 783 3239 est
801 3187 887 3239 nobis
900 3186 1017 3256 signum
1040 3199 1073 3240 ut
1094 3190 1249 3242 abeamus!

134 3204 226 3317 Eune,
249 3274 315 3310 cum
340 3257 549 3311 descendimus
572 3274 624 3326 per
644 3258 762 3326 gradus,
783 3258 866 3310 dedit
890 3258 999 3325 hospes
1023 3259 1111 3312 nobis
1134 3261 1248 3313 botrum

134 3345 170 3382 ex
184 3329 248 3381 uvis
262 3328 397 3381 candidis
410 3328 620 3381 adhaerentem
636 3327 714 3381 foliis
728 3344 764 3380 ex
783 3328 860 3387 vite;
883 3338 913 3380 et
932 3344 1001 3380 ecce
1016 3327 1088 3381 lolia
1111 3331 1139 3382 in
1161 3331 1248 3382 mani·

134 3400 189 3451 bus
201 3399 309 3452 nostris
321 3397 398 3452 laeia
406 3410 476 3452 sunt
485 3410 641 3467 argentea;
661 3409 691 3451 et
702 3398 927 3467 deportavimus
939 3398 989 3450 illa
1000 3398 1029 3450 in
1041 3400 1161 3469 signum
1171 3400 1248 3469 quod

134 3485 202 3522 cum
218 3471 334 3538 populis
349 3469 464 3523 Saeculi
479 3469 622 3539 Argentei
636 3469 728 3521 locuti
743 3469 862 3522 simus.¹'

133 3603 203 3670 45.
238 3590 289 3651 De
310 3589 444 3652 Inserno
463 3611 507 3651 cx
527 3589 655 3651 illis:-

189 3720 307 3774 inlerna
320 3737 357 3774 ex
372 3721 543 3774 hominibus
565 3720 712 3774 Ecclesiae
733 3719 900 3774 Noachicae
919 3736 970 3773 seu
986 3720 1141 3790 Antiquae
1154 3722 1247 3793 quoad

154 3791 290 3843 lurimam
303 3802 416 3859 partem
425 3792 593 3845 consistunt
602 3808 638 3844 ex
648 3790 752 3860 Magis,
762 3791 868 3859 quibus
878 3790 1005 3858 mapalia
1013 3801 1044 3844 et
1053 3808 1167 3862 agapae
1176 3803 1247 3850 sunt.

134 3806 187 3984 fin]
202 3863 319 3914 deserto
333 3878 458 3930 sparsae.
496 3862 617 3913 Vadunt
638 3861 676 3914 ibi
696 3877 762 3914 cum
782 3861 892 3913 baculis
905 3860 934 3912 in
950 3877 1049 3921 manu,
1064 3864 1116 3931 qui
1131 3863 1247 3916 diversi·

146 3948 243 3985 ormes
257 3943 334 3990 sunt,
348 3942 377 3985 et
391 3933 511 4001 quidam
525 3929 610 3984 tincti
630 3932 725 3985 succis
739 3930 974 3984 necromanticis.
1015 3931 1074 3984 Per
1088 3934 1164 3992 illos,
1178 3934 1248 3987 sicut

133 4003 214 4062 oiim,
229 4013 306 4055 artes
320 4019 387 4055 suas
397 4014 543 4061 exercent,
555 4018 630 4070 quae
641 4001 716 4054 fiunt
730 4017 782 4069 per
791 4002 900 4054 abusus
910 4004 1247 4070 correspondentiamm.

156 4073 313 4132 hantasias,
334 4072 455 4126 fiducias
475 4073 666 4142 persuasivas,
687 4088 739 4140 per
757 4088 831 4140 quas
850 4069 906 4123 fuit
925 4070 999 4124 fides
1019 4073 1206 4131 miraculosa,
1222 4083 1247 4125 el

133 4089 211 4196 facta
221 4155 290 4196 sunt
302 4143 442 4195 miracula
451 4144 536 4203 olim;
552 4152 615 4194 turn
627 4158 679 4211 per
688 4142 877 4200 exorcismos,
888 4141 1123 4203 incantamenta,
1135 4144 1248 4200 lasciua,

133 4224 164 4267 et
176 4213 327 4272 veneficia,
341 4223 372 4265 et
392 4212 490 4281 plures
504 4213 575 4266 alias
588 4212 864 4280 daemonophonias
884 4228 936 4280 per
949 4228 1023 4281 quas
1037 4213 1150 4267 sistunt
1164 4229 1249 4284 appa·

134 4285 243 4337 centias
266 4284 412 4337 illusorias
434 4283 512 4336 sicut
534 4283 634 4336 reales.
664 4281 934 4405 ljucundissimum
957 4283 1058 4337 cordis
1081 4301 1185 4338 eorum
1208 4294 1249 4337 est

133 4355 273 4407 vaticinia
287 4365 316 4407 ct
329 4353 487 4477 lpraesagia
500 4355 595 4413 edere,
610 4369 644 4406 ac
689 4353 817 4423 ythoncs
830 4368 926 4422 agere.
965 4352 1009 4407 Ex
1029 4354 1078 4408 his
1098 4357 1249 4426 praecipue

134 4425 313 4479 exstiterunt
355 4424 531 4477 nthusrasmi
546 4424 575 4476 in
590 4423 761 4478 Christiano
774 4423 853 4477 orbe.
