2776 5040
423 484 602 551 Quaruon
620 484 914 538 recussus-n.
931 487 960 536 2.
1057 504 1062 515 ·
1211 485 1248 553 ις

133 674 196 720 nus
226 653 387 720 Salvator
416 664 533 719 noster
561 653 659 736 Jesus
689 653 842 719 Christus
871 655 905 718 in
931 654 1049 719 Verbo
1078 655 1250 738 utriusque

135 748 353 813 Testamenti
375 748 497 812 dicitur
514 748 667 831 “Lapis'’
686 757 721 812 et
740 749 897 825 “Petra”
914 759 1010 830 patet
1029 748 1118 832 quod
1142 749 1251 830 Ipsius

133 863 277 926 regnum
301 864 359 925 per
381 842 500 906 ultima
522 843 566 906 ibi
589 842 808 925 intelligatur.
855 841 915 927 (5.)
940 844 1119 907 Praeterea
1140 853 1252 906 status

133 936 312 1000 Ecclesiae
328 939 509 1001 innumeris
528 938 561 1000 in
578 937 661 1000 locis
677 937 709 1000 in
728 936 846 1000 Verbo
865 936 1065 1001 describitur
1084 958 1143 1019 per
1164 943 1251 1000 “au-

132 1032 237 1098 rum’'
263 1031 502 1113 “argentum''
523 1031 632 1094 “aes''
654 1041 690 1094 et
711 1031 899 1110 “ferrum;”
929 1040 1041 1095 status
1062 1031 1133 1113 ejus
1155 1033 1251 1113 spiri-

132 1124 236 1189 tualis
253 1125 364 1209 quoad
384 1127 510 1189 bonum
529 1125 653 1188 amoris
672 1146 731 1208 per
748 1125 923 1200 “aurum,”
938 1134 1049 1189 status
1068 1124 1137 1207 ejus
1157 1127 1252 1208 spiri·

132 1219 236 1283 tualis
254 1221 365 1303 quoad
385 1241 500 1283 verum
516 1221 703 1302 sapientiae
722 1241 781 1303 per
798 1220 1037 1301 “argentum''
1052 1229 1164 1284 status
1183 1219 1253 1302 ejus

132 1313 299 1377 naturalis
325 1314 436 1396 quoad
463 1316 589 1377 bonum
616 1313 792 1377 charitatis
821 1312 895 1396 [per
919 1312 1055 1396 “aes''],
1079 1322 1114 1377 et
1141 1323 1252 1378 status

132 1407 205 1489 ejus
220 1409 382 1472 naturalis
400 1407 512 1489 quoad
531 1428 647 1471 verum
669 1407 746 1471 fidei
769 1427 829 1491 per
848 1407 1027 1471 “ferrum'’
1045 1406 1149 1491 (quod
1169 1428 1252 1472 con·

132 1500 304 1566 firmatum
331 1524 375 1565 ex
402 1501 519 1565 Verbo
546 1501 700 1565 videatur
729 1502 763 1565 in
789 1501 997 1583 Apocalypsi
1019 1501 1191 1578 Revelato,
1220 1522 1251 1565 n.

132 1611 216 1676 9133
248 1606 283 1659 et
306 1595 411 1677 alibi).
458 1593 673 1678 Quapropter
695 1596 867 1677 sapientes
888 1597 923 1659 in
946 1596 1060 1678 primis
1082 1597 1174 1660 aevis
1196 1597 1252 1680 qui

133 1700 302 1753 noverunt
322 1688 587 1771 significationes
610 1688 837 1765 metallorum,
858 1691 961 1753 etiam
984 1689 1032 1753 illi
1054 1692 1251 1774 aequipara-

132 1793 214 1847 runt
233 1784 368 1846 saecula
391 1805 411 1845 a
434 1785 542 1865 primo
560 1784 603 1845 ad
627 1783 782 1846 ultimum
801 1803 998 1847 successura
1020 1792 1164 1866 quatuor
1186 1784 1252 1848 illis

133 1878 294 1954 metallis,
308 1888 343 1941 et
356 1887 563 1941 vocaverunt
580 1880 723 1959 primum
739 1877 911 1941 saeculum
926 1878 1120 1954 “aureum”
1132 1899 1251 1943 secun·

132 1973 216 2038 dum
232 1973 403 2036 saeculum
422 1972 680 2053 “argenteum”
693 1973 831 2035 tertium
847 1973 1019 2036 saeculum
1034 1975 1253 2056 “cupreum”

133 2078 171 2133 et
194 2075 351 2151 quartum
374 2065 545 2130 saeculum
568 2066 767 2142 “ferreum”
790 2076 826 2130 et
849 2069 896 2130 sic
919 2066 1172 2149 descripserunt
1195 2068 1253 2132 illa

133 2163 320 2226 secundum
337 2162 426 2224 bona
442 2171 477 2224 et
496 2181 575 2223 vera
589 2183 597 2237 ;
621 2170 656 2223 et
674 2162 751 2243 quia
767 2162 913 2242 genuina
929 2160 1019 2224 bona
1034 2171 1070 2225 et
1088 2183 1168 2225 vera
1183 2182 1253 2226 non

133 2254 272 2320 aliunde
302 2263 381 2317 sunt
407 2274 507 2335 quam
538 2275 583 2316 ex
614 2253 689 2317 Deo
716 2254 812 2330 caeli,
840 2253 1089 2337 descripserunt
1116 2256 1174 2320 illa
1200 2277 1252 2320 se-

134 2349 283 2415 cundum
300 2356 410 2411 status
427 2347 603 2411 Ecclesiae
622 2348 711 2429 apud
730 2347 825 2427 illos;
850 2368 928 2411 nam
948 2369 992 2412 ex
1011 2348 1063 2412 his
1080 2359 1116 2413 et
1132 2370 1252 2413 secun-

133 2444 217 2509 dum
243 2442 306 2506 hos
332 2462 451 2506 omnes
474 2452 585 2505 status
608 2441 723 2505 civiles
750 2462 930 2524 regnorum
953 2442 1064 2526 quoad
1087 2443 1253 2525 justitiam

133 2547 173 2602 et
198 2536 357 2619 judicium
385 2537 548 2610 existunt,
576 2537 695 2617 vigent
721 2546 757 2600 et
784 2537 911 2600 vivunt.
957 2534 1057 2617 Quod
1088 2538 1253 2602 Dominus

133 2629 295 2697 Salvator
322 2630 419 2711 jesus
446 2628 600 2694 Christus
630 2632 663 2693 in
690 2629 807 2694 Verbo
838 2632 1008 2714 utriusque
1038 2630 1254 2696 Testamenti

133 2724 267 2789 dicatur
287 2724 441 2806 “Lapis''
459 2733 494 2787 et
513 2724 670 2799 “Petra''
686 2733 824 2788 constat
843 2745 888 2788 ex
907 2745 995 2788 nunc
1016 2727 1233 2808 sequentibus
1244 2747 1253 2805 ;

133 2818 227 2902 quod
246 2818 376 2881 dicatur
396 2816 557 2900 “Lapis'’
576 2839 621 2881 ex
640 2819 709 2882 his:

188 2980 257 3031 “Sic
268 2980 334 3030 dixit
346 2979 586 3094 Adonaipehovib
599 2979 667 3029 Ecce
680 2980 738 3043 Ego
750 2980 908 3030 fundatonis
918 2995 977 3030 sum
990 2981 1017 3030 in
1030 2980 1114 3031 Zione
1124 2981 1252 3046 Lapidem

268 3045 441 3107 probationis.
483 3045 594 3107 ngqum
612 3046 689 3109 pretii
707 3045 872 3095 fundationis
885 3045 1028 3103 fundatae:
1052 3048 1097 3111 qui
1112 3048 1253 3098 crediderit

268 3125 323 3188 pon
335 3106 497 3187 festinabitll
531 3110 607 3193 :lunc
625 3125 726 3189 ponam
731 3176 736 3188 Ι
741 3111 869 3203 judicium
886 3111 915 3160 in
932 3111 1061 3174 regulam,
1075 3127 1106 3161 ac
1121 3111 1253 3175 justitiam

188 3175 643 3326 “Visitzliiiffiiidliblliffibaidtslls
649 3175 867 3304 εἳὲἑιιιξῦἆιέξ
877 3277 884 3291 .
896 3278 903 3292 .
915 3278 922 3292 .
934 3278 941 3292 .
952 3255 987 3290 ex
1005 3239 1056 3291 lllo
1074 3241 1154 3306 Lapis
1171 3257 1255 3306 angu.

189 3305 598 3496 “Lapiaeiienissphrobai'eiimt
606 3367 742 3421 architecti
751 3368 838 3421 factus
847 3380 889 3421 est
898 3371 1012 3435 incaput
1021 3371 1112 3435 anguli
1120 3372 1134 3392 '⁹
1142 3371 1252 3435 (Psalm.

268 3450 354 3485 cxvrn.
368 3448 426 3493 αις

189 3500 313 3551 “Nonne
325 3501 426 3615 legistis
439 3500 466 3548 in
478 3499 613 3562 Scriptura
624 3501 694 3564 quod
710 3500 790 3563 Lapis
802 3516 881 3564 quem
893 3503 1103 3564 reprobaverunt
1114 3502 1255 3552 aedifican-

270 3575 310 3614 tes
322 3565 350 3614 fa
377 3579 408 3614 us
420 3566 456 3614 sit
467 3565 494 3613 in
507 3575 586 3627 caput
597 3565 687 3628 anguli
696 3566 722 3617 l”
734 3567 841 3628 (Matris.
850 3568 904 3617 xxi.
913 3563 984 3627 421¹l;
1002 3568 1087 3618 Marc.
1099 3567 1144 3619 xii.
1156 3581 1194 3629 ιο,
1208 3581 1255 3629 ιι;

268 3631 332 3680 Luc.
344 3645 388 3680 xx.
401 3641 440 3689 17.
453 3631 499 3686 18;
517 3631 593 3680 Esoi.
604 3631 658 3680 viii.
672 3643 710 3691 14.
723 3628 802 3692 151¹l;)

187 3694 347 3746 Accessistis
363 3695 397 3744 ad
416 3694 571 3754 Dominum,
588 3695 742 3758 “Lapidem
760 3697 860 3756 vivum,
873 3699 908 3746 ab
925 3697 1078 3747 bominibus
1091 3698 1197 3762 quidem
1214 3714 1255 3748 re·

268 3758 377 3824 jedlum,
388 3774 405 3808 a
417 3759 476 3809 Deo
488 3775 552 3810 vero
564 3758 686 3818 elediam.
703 3758 861 3825 [pretiosum
871 3758 890 3826 t]
908 3764 988 3812 etiam
1002 3778 1051 3813 vos
1063 3764 1114 3827 ipsi
1127 3775 1253 3827 tanquam

269 3826 370 3888 lapides
380 3825 500 3874 viventes
509 3825 685 3875 aedificamini
697 3827 724 3875 in
734 3827 844 3877 domum
854 3828 1018 3889 spiritualem
1029 3843 1049 3887 ;.
1061 3867 1066 3879 .
1078 3865 1084 3878 .
1094 3866 1101 3879 ,
1113 3840 1255 3893 propterea

268 3891 364 3940 dicitur
381 3891 408 3938 in
427 3889 569 3952 Scriptura,
585 3890 661 3939 Pono
678 3891 705 3940 in
723 3891 807 3942 Zione
825 3892 952 3954 Lapidem
969 3893 1125 3956 angularem
1139 3892 1254 3945 electum

269 3956 423 4018 pretiosum.
435 3956 518 4018 etqui
530 3957 613 4005 credit
624 3957 651 4006 in
666 3955 744 4006 illum
756 3972 811 4006 non
824 3957 939 4022 pudefiet
947 3957 961 3978 '⁹
973 3958 997 4020 (t
1011 3960 1081 4008 Petr.
1094 3960 1120 4009 ii.
1130 3959 1207 4022 4-6);

192 4021 210 4045 ⁸¹
217 4019 288 4071 Estis
299 4020 429 4070 aedificati
442 4036 522 4083 super
533 4020 709 4070 fundamento
719 4022 910 4085 Apostolorum
922 4032 949 4073 et
962 4023 1166 4086 Prophetarum,
1177 4024 1253 4088 cujus

269 4095 311 4135 est
329 4085 464 4147 angularis
485 4085 565 4148 Lapis
585 4086 664 4150 Jesus
684 4086 815 4146 Christus,
835 4103 979 4152 perquem
999 4098 1084 4139 totum
1104 4089 1253 4140 aedificium

268 4159 484 4213 coagmentatum
496 4153 578 4215 probe
591 4152 685 4201 crescit
696 4153 723 4200 in
736 4153 866 4217 templum
877 4151 1001 4203 sanetum
1019 4154 1046 4203 in
1066 4155 1192 4213 Domino,
1207 4170 1255 4218 per

269 4230 409 4341 θυῖε-ἷξε
425 4231 480 4265 una
495 4216 672 4266 aedificamini
689 4217 716 4266 in
734 4218 912 4268 babitaculum
932 4218 981 4268 Dei
999 4219 1027 4269 in
1045 4220 1139 4282 spiritu
1147 4219 1162 4239 '⁸
1173 4218 1252 4285 (Epir.

189 4343 267 4412 Jssus
280 4297 488 4396 ¹bhristus'⁴⁴est
505 4345 585 4411 Lapis
601 4348 758 4411 reprobatus
774 4349 809 4397 ab
825 4348 1034 4408 aedificantibus,
1047 4349 1093 4464 spui
1109 4346 1196 4399 factus
1213 4359 1254 4400 est

269 4413 298 4462 in
309 4420 389 4475 caput
400 4411 499 4474 anguli,
513 4421 540 4461 et
552 4427 608 4462 non
619 4421 661 4463 est
673 4413 700 4462 in
712 4413 766 4462 alio
777 4409 859 4464 utloffl
872 4413 966 4464 salus”
978 4412 1049 4476 (Aa,
1070 4429 1100 4478 v„
1109 4427 1147 4473 ιι,
1161 4414 1210 4478 ts).
