2776 5040
125 478 129 485 '
183 493 227 545 ao
591 489 643 543 us
664 489 895 545 cunnum.

184 678 265 724 num
281 680 358 723 usus
373 656 443 741 ejus
459 659 548 742 quod
564 669 714 740 praestat
727 681 735 738 ;
752 660 779 723 si
791 668 941 740 praestat
957 680 1034 723 usus
1046 658 1207 742 insignes,
1230 659 1303 744 plus

184 754 357 835 proximus
380 763 452 831 est;
476 753 503 816 si
525 752 618 827 viles,
635 753 743 815 minus
758 753 931 834 proximus
946 763 1018 829 est;
1041 754 1068 817 si
1091 754 1201 818 malos
1216 777 1302 831 usus,

184 867 251 910 non
265 847 438 928 proximus
449 846 547 910 aliter
558 855 611 910 est
620 865 720 929 quam
732 846 818 910 sicut
830 846 933 909 homo
945 846 1062 920 malus,
1074 847 1167 928 cujus
1179 849 1301 913 bonum

184 940 315 1005 volout
338 941 445 1003 bonus
462 939 530 1015 fiat,
547 960 586 1003 ac
610 950 771 1022 quantum
795 950 909 1021 potest
928 940 1117 1021 prospicere
1134 942 1246 1006 media
1267 954 1301 1007 ut

184 1034 407 1109 meliorescat,
424 1035 526 1097 etiam
542 1035 569 1097 si
584 1030 668 1098 lo'ret
685 1053 744 1116 per
764 1035 881 1108 minas,
898 1034 1149 1116 castigationes,
1166 1055 1301 1119 poenas,

184 1128 430 1209 abrogationes.

248 1225 325 1289 Non
342 1236 455 1307 potest
471 1225 589 1308 aliquis
605 1222 756 1307 spectare
772 1225 971 1288 societatem
992 1225 1044 1288 cui
1060 1245 1162 1289 unum
1186 1247 1302 1291 munus

184 1330 247 1394 est,
264 1339 363 1402 quam
379 1320 464 1383 sicut
482 1338 582 1382 unum
598 1319 767 1382 hominem
784 1320 1028 1400 compositum;
1051 1330 1219 1383 vocantur
1233 1321 1300 1403 qui·

184 1414 262 1477 dam
286 1412 437 1476 membra
460 1412 638 1495 regiminis,
655 1413 735 1474 dum
756 1412 913 1494 Regnum
936 1410 1107 1494 spectatur
1130 1423 1167 1476 ut
1191 1414 1299 1489 homo,

184 1520 219 1571 at
236 1508 323 1570 inter
338 1526 373 1569 se
389 1505 514 1570 iaciunt
532 1525 633 1569 unum
649 1506 831 1583 hominem,
848 1505 939 1587 cujus
962 1506 1112 1569 membra
1134 1517 1214 1572 sunt
1236 1509 1300 1570 sin·

185 1600 254 1684 guli
269 1600 322 1663 ibi.

249 1698 324 1762 Hoc
342 1698 448 1761 simile
464 1708 517 1761 est
535 1698 620 1761 sicut
636 1698 667 1761 in
684 1696 790 1761 coelo.
835 1697 886 1760 Ibi
901 1697 1009 1761 omnis
1031 1698 1178 1762 societas
1198 1700 1302 1763 minor

184 1802 219 1856 et
236 1792 340 1873 major
355 1802 407 1855 est
423 1792 508 1855 sicut
525 1811 609 1853 unus
625 1791 747 1869 homo;
770 1792 897 1855 sistitur
912 1792 1014 1855 etiam
1028 1801 1063 1855 ut
1080 1812 1166 1855 unus
1182 1793 1301 1872 homo;

184 1885 250 1949 vidi
273 1885 472 1953 societatem
489 1886 653 1966 insignem
677 1894 713 1948 ut
736 1904 837 1948 unum
853 1885 1033 1949 hominem.
1078 1885 1206 1950 Forma
1221 1887 1302 1951 coeli

184 1989 236 2043 est
251 1978 356 2043 forma
371 1979 526 2042 humana.

247 2075 301 2141 Sic
323 2097 455 2159 quoque
478 2077 623 2140 societas
645 2076 678 2139 in
701 2076 797 2140 terris
819 2085 959 2157 apparet
982 2096 1096 2140 coram
1118 2077 1249 2161 angelis
1270 2080 1301 2143 in

184 2170 287 2236 coelis
303 2181 339 2234 ut
355 2191 439 2233 unus
454 2170 566 2234 homo.

183 2379 211 2433 3.
238 2379 309 2436 uuor
317 2379 404 2432 Patria
411 2378 449 2432 rit
455 2378 589 2446 proximus
601 2378 742 2431 seeundum
754 2378 812 2445 ojus
823 2377 914 2430 bonum
923 2377 1065 2446 spitituule,
1074 2379 1174 2432 morule
1185 2384 1214 2433 ot
1221 2378 1299 2432 civile.

248 2524 287 2587 ln
304 2525 451 2588 omnium
467 2525 541 2587 idea
558 2523 667 2586 Patria
683 2533 735 2586 est
751 2523 836 2586 sicut
853 2542 974 2599 unum;
997 2543 1099 2606 quare
1117 2543 1237 2588 omnes
1255 2525 1299 2589 le-

184 2638 245 2699 ges
261 2628 332 2681 tam
344 2617 604 2699 justitiaequam
616 2617 832 2680 oeconomiae
848 2627 925 2680 sunt
941 2618 1026 2680 sicut
1039 2638 1099 2698 pro
1112 2639 1180 2682 uno
1192 2619 1299 2696 latae;

184 2733 287 2795 quare
304 2722 356 2774 est
372 2711 480 2791 patria
495 2712 580 2774 sicut
593 2711 695 2774 homo
706 2712 739 2773 in
751 2720 912 2773 concreto
924 2731 932 2788 ;
956 2721 1097 2773 vocatur
1109 2713 1300 2776 etiam-cor·

185 2826 259 2887 pus,
273 2806 383 2887 inquo
397 2804 474 2867 Rex
487 2814 538 2867 est
552 2823 734 2884 supremus.
765 2803 845 2884 Ejus
858 2803 981 2866 bonum
995 2806 1046 2867 cui
1058 2805 1300 2869 consulendum

185 2910 248 2974 est,
266 2909 406 2962 vocatur
421 2899 546 2961 bonum
565 2896 731 2978 publicum
755 2907 789 2960 et
812 2887 937 2959 bonurn
960 2917 1158 2976 commune;
1182 2899 1302 3009 diq'tur

184 2994 286 3057 etiam
303 2992 345 3054 de
362 3011 451 3072 rege,
469 2990 559 3072 quod
574 2991 640 3053 sint
656 2991 689 3053 in
705 3010 844 3071 corpore
861 2991 1028 3072 regiminis
1044 2990 1139 3053 illius.

248 3089 383 3154 Sistitur
398 3090 500 3152 etiam
517 3088 760 3170 unumquodvis
781 3108 921 3169 regnum
937 3089 969 3151 in
985 3088 1081 3151 coelo
1105 3109 1219 3153 coram
1242 3111 1300 3154 an·

184 3184 279 3266 gelis,
293 3202 367 3247 cum
380 3182 580 3262 beneplacet
594 3182 750 3254 Domino,
763 3183 847 3245 sicut
865 3202 947 3244 unus
963 3181 1074 3256 homo,
1088 3184 1134 3245 sic
1150 3184 1184 3245 in
1196 3182 1300 3247 forma

185 3278 290 3359 qualis
305 3286 357 3340 est
371 3297 378 3352 ;
403 3276 507 3338 forma
523 3285 574 3338 est
590 3275 695 3337 forma
710 3272 893 3338 affectionis
909 3274 1086 3355 spiritualis
1102 3275 1183 3356 ejus,
1196 3277 1300 3341 forma

184 3369 288 3443 faciei,
305 3366 488 3432 affectionis
504 3369 582 3431 boni
595 3367 783 3449 spiritualia,
800 3378 834 3431 et
846 3367 951 3431 forma
967 3370 1115 3449 corporis
1127 3380 1180 3434 est
1196 3370 1298 3435 forma

185 3464 263 3528 boni
279 3462 393 3536 civilis,
409 3473 444 3526 et
461 3482 570 3525 mores
586 3461 665 3542 ejus,
682 3461 815 3544 loquela
832 3471 867 3525 et
890 3462 1007 3525 similia
1030 3463 1153 3526 sistunt
1176 3465 1298 3529 bonum

185 3556 347 3620 rationale
363 3556 441 3637 ejus.
487 3554 632 3636 Quando
647 3556 719 3638 quis
735 3555 826 3619 videt
845 3575 984 3637 regnum
1008 3565 1044 3618 ut
1067 3576 1169 3619 unum
1193 3558 1297 3621 homi·

185 3669 273 3723 nem,
290 3651 392 3713 videri
408 3660 522 3730 potest
538 3649 643 3731 qualis
658 3659 710 3712 est
724 3670 731 3727 ;
754 3659 788 3712 et
805 3650 987 3712 secundum
1004 3649 1036 3712 id
1052 3659 1103 3712 est
1118 3652 1298 3730 proximus

248 3757 417 3820 Nativitas
439 3777 506 3819 non
529 3756 607 3820 lacit
624 3756 713 3838 quod
729 3755 846 3838 aliquis
862 3757 904 3819 sit
921 3756 994 3836 plus
1011 3759 1184 3836 proximus
1200 3778 1299 3840 quam

184 3850 281 3925 alter,
298 3871 340 3914 ne
353 3851 486 3934 quidem
505 3850 594 3932 quod
617 3861 724 3913 mater
747 3859 782 3913 et
805 3860 911 3931 pater,
928 3870 989 3913 nec
1012 3850 1190 3928 educatio;
1213 3853 1297 3917 haec

185 3955 263 4008 sunt
279 3965 323 4007 ex
340 3945 429 4007 bono
445 3943 607 4021 naturali;
632 3963 693 4007 nec
712 3944 942 4025 propinquitas
965 3962 1027 4006 nec
1050 3942 1197 4008 affinitas
1220 3945 1299 4010 lacit

186 4047 223 4101 ut
238 4037 356 4121 aliquis
372 4039 414 4101 sit
431 4038 504 4119 plus
520 4038 693 4118 proximus
711 4057 811 4119 quam
827 4035 922 4111 alter,
939 4038 986 4099 ita
1008 4056 1069 4099 nec
1094 4039 1223 4117 patria3
1247 4060 1301 4103 se-

186 4130 330 4194 cundum
346 4131 443 4213 quale
459 4131 537 4194 boni
553 4130 622 4212 ejus
644 4131 807 4193 amandus
829 4139 902 4208 est;
926 4129 985 4192 sed
1008 4129 1171 4211 obligatio
1187 4142 1240 4196 est
1264 4143 1302 4197 ut

185 4226 215 4288 ei
231 4225 426 4298 benefaciat,
443 4224 533 4306 quod
549 4223 585 4288 fit
602 4223 809 4287 consulendo
823 4223 893 4305 ejus
905 4224 986 4297 usui,
1002 4224 1078 4304 quia
1093 4224 1140 4287 sic
1154 4226 1301 4289 consulit

184 4319 357 4395 omnibus;
382 4337 448 4380 non
461 4318 507 4380 ita
522 4317 594 4380 aliis
606 4318 717 4398 regnis
729 4327 828 4381 extra
840 4316 942 4391 illam,
955 4318 1030 4398 quia
1044 4337 1144 4380 unum
1157 4338 1299 4400 regnum

185 4431 253 4478 non
269 4411 341 4476 vult
359 4411 496 4475 alterius
518 4413 653 4487 bonum,
670 4411 729 4474 sed
745 4410 818 4474 vult
833 4411 867 4474 id
882 4411 1065 4485 destruere,
1083 4412 1194 4494 quoad
1217 4431 1300 4495 opes
