2776 5040
465 523 517 577 DE
538 524 645 579 NOVA
667 525 942 582 amttosouvtut

664 971 746 1058 [ῐὶ]

463 1203 537 1279 DE
569 1204 940 1283 CONsclENTIlt

138 1568 219 1623 1³⁰·

143 1619 565 1896 CONSCIENTIA
582 1626 746 1691 formatur
755 1627 847 1710 apud
862 1627 1035 1693 hominem
1051 1649 1098 1693 ex
1117 1629 1254 1713 religio·

298 1739 337 1783 so
363 1720 396 1783 in
419 1740 487 1803 quo
509 1730 574 1797 est,
598 1720 783 1785 secundum
811 1723 1043 1805 receptionem
1065 1722 1138 1805 ejus
1164 1724 1254 1788 intus

297 1834 330 1878 rn
347 1834 394 1878 se.

339 1928 432 1997 131.
461 1910 680 1978 Conscientia
698 1915 787 1997 apud
810 1914 985 1978 hominem
1003 1914 1172 1980 ecclesiae
1188 1916 1255 1980 ior·

72 2046 75 2050 -
137 2016 250 2071 matur
273 2027 332 2089 per
350 2027 430 2071 vera
452 2006 530 2071 fidei
553 2028 598 2070 ex
618 2007 745 2082 Verbo,
765 2018 825 2073 aut
843 2028 890 2072 ex
913 2007 1068 2072 doctrina
1087 2030 1106 2074 e
1125 2010 1254 2084 Verbo,

138 2103 322 2165 secundum
341 2102 573 2184 receptionem
589 2100 724 2165 illorum
744 2103 776 2164 in
800 2103 922 2181 corde;
947 2122 1026 2166 nam
1049 2122 1126 2168 cum
1149 2104 1255 2168 homo

137 2196 202 2259 scit
217 2216 298 2260 vera
315 2195 404 2270 tidei,
423 2207 459 2259 et
478 2196 569 2278 capit
588 2195 648 2259 illa
665 2216 727 2259 suo
743 2196 858 2271 modo,
880 2216 920 2260 ac
939 2198 1017 2260 dein
1037 2197 1112 2263 vult
1128 2198 1200 2275 illa,
1219 2209 1255 2264 et

137 2289 217 2354 lacit
237 2290 406 2364 illatum
426 2288 463 2352 fit
482 2290 512 2353 ei
535 2289 765 2353 conscientia:
790 2291 943 2372 receptio
965 2292 999 2353 in
1022 2292 1125 2355 corde
1144 2302 1198 2356 est
1221 2293 1255 2356 in

136 2383 328 2458 voluntate,
352 2401 432 2445 nam
454 2383 615 2446 voluntas
646 2382 792 2447 hominis
818 2393 872 2448 est
899 2405 986 2468 quae
1014 2394 1158 2450 vocatur
1185 2405 1254 2450 cor.

138 2478 222 2542 Inde
249 2488 314 2552 est,
345 2477 435 2559 quod
465 2476 513 2540 illi
541 2477 597 2559 qui
626 2478 873 2542 conscientiam
902 2478 1043 2553 habent,
1075 2500 1121 2542 ex
1152 2481 1255 2544 corde

137 2573 320 2656 loquantur
332 2592 419 2655 quae
431 2571 624 2654 loquuntur,
637 2582 673 2635 et
689 2592 735 2635 ex
748 2573 851 2636 corde
863 2573 989 2637 iaciant
1003 2594 1089 2657 quae
1105 2574 1253 2638 faciunt:

136 2667 265 2731 habent
283 2667 387 2730 etiam
405 2665 455 2728 illi
474 2675 625 2730 mentem
645 2685 713 2729 non
732 2666 896 2746 divisam;
920 2686 999 2730 nam
1015 2669 1203 2732 secundum
1221 2669 1255 2732 id

136 2760 227 2845 quod
246 2760 442 2842 intelligunt
461 2769 497 2824 et
515 2759 659 2823 credunt
675 2780 792 2823 verum
811 2771 847 2825 et
865 2761 993 2825 bonum
1012 2782 1098 2837 esse,
1115 2762 1253 2828 iaciunt.

195 2870 288 2938 132·
316 2853 539 2920 Conscientia
556 2853 737 2938 perfectior
755 2867 873 2939 potest
891 2858 965 2920 dari
986 2858 1077 2940 apud
1099 2858 1180 2922 illos
1198 2860 1254 2943 qui

136 2950 169 3012 in
189 2950 276 3013 veris
294 2947 372 3012 tidei
390 2948 551 3012 illustrati
571 2959 650 3012 sunt
669 2969 750 3031 prae
768 2949 853 3025 aliis,
874 2959 909 3014 et
933 2950 988 3034 qui
1007 2952 1040 3014 in
1059 2950 1155 3015 clara
1177 2972 1253 3034 per·

136 3044 295 3125 ceptione
313 3051 392 3106 sunt
411 3062 491 3125 prae
509 3042 595 3119 aliis,
615 3060 716 3126 quam
739 3043 829 3127 apud
847 3043 925 3107 illos
944 3045 1000 3127 qui
1024 3045 1135 3108 minus
1158 3046 1253 3110 illus·

136 3137 217 3201 trati
236 3146 326 3211 sunt,
344 3146 380 3200 et
399 3136 432 3199 in
451 3136 596 3218 obscura
614 3138 835 3218 perceptione
853 3147 943 3201 sunt.

195 3247 290 3314 133·
319 3232 358 3295 In
370 3251 452 3294 vera
467 3232 679 3295 conscientia
694 3241 748 3295 est
764 3232 838 3314 ipsa
852 3233 925 3296 vita
940 3233 1125 3315 spiritualis
1140 3235 1253 3299 homi·

136 3325 198 3398 nis,
215 3334 269 3387 est
288 3324 376 3386 enim
396 3323 441 3386 ibi
459 3322 530 3405 ejus
546 3321 629 3387 fides
645 3321 826 3405 conjuncta
842 3325 1022 3402 charitati;
1046 3337 1256 3409 quapropter

135 3417 245 3482 iacere
263 3439 308 3482 ex
327 3417 537 3481 conscientia
555 3426 609 3480 est
628 3416 694 3479 illis
712 3417 823 3482 lacere
842 3438 887 3482 ex
905 3420 977 3482 vita
995 3439 1056 3481 sua
1074 3421 1253 3502 spirituali,

135 3522 171 3576 et
190 3511 300 3576 lacere
319 3520 439 3574 contra
457 3511 703 3574 conscientiam
723 3522 777 3575 est
796 3511 862 3575 illis
880 3512 991 3576 lacere
1015 3524 1135 3577 contra
1159 3515 1254 3579 illam

135 3624 231 3668 suam
246 3607 363 3668 vitam.
410 3605 494 3669 inde
512 3605 672 3687 estquod
691 3606 724 3667 in
744 3605 993 3688 tranquillitate
1010 3609 1103 3689 pacis
1119 3609 1200 3682 sint,
1217 3621 1254 3673 et

134 3701 168 3762 in
181 3699 393 3764 beatitudine
405 3699 550 3774 interna,
564 3718 641 3763 cum
653 3699 780 3763 iaciunt
792 3701 978 3763 secundum
992 3703 1252 3778 conscientiam,

134 3813 174 3857 ac
198 3794 231 3856 in
254 3792 539 3877 intranquillitate
561 3803 598 3857 et
616 3793 735 3856 dolore
753 3812 830 3857 cum
849 3793 977 3858 iaciunt
996 3805 1118 3858 contra
1137 3796 1252 3860 illam:

134 3887 188 3949 hic
208 3887 306 3950 dolor
325 3897 378 3951 est
398 3887 453 3970 qui
472 3896 615 3950 vocatur
633 3905 765 3950 morsus
783 3888 1024 3951 conscientiae.

193 3996 289 4064 134.
317 3981 383 4045 Est
401 3982 530 4045 homini
548 3982 763 4044 conscientia
780 3983 862 4044 boni
880 3991 916 4046 et
932 3984 1146 4048 conscientia
1158 3985 1252 4066 justi.

134 4074 353 4139 Conscientia
365 4074 445 4137 boni
462 4082 515 4138 est
528 4074 739 4136 conscientia
755 4074 878 4136 interni
894 4075 1051 4149 hominis,
1066 4086 1102 4140 et
1118 4080 1254 4142 consci-

133 4170 227 4232 entia
249 4166 331 4249 justi
358 4177 412 4231 est
436 4168 646 4231 conscientia
668 4169 804 4230 externi
830 4167 987 4231 hominis.
1032 4169 1255 4236 Conscientia

132 4263 213 4326 boni
240 4272 294 4326 est
323 4261 432 4326 facere
462 4261 649 4325 secundum
679 4272 864 4344 praecepta
894 4262 971 4326 fidei
999 4285 1044 4327 ex
1074 4265 1254 4332 affectione

133 4358 278 4431 interna,
302 4366 339 4420 at
368 4355 578 4419 conscientia
604 4354 687 4438 justi
717 4365 771 4420 est
798 4356 911 4420 iacere
940 4359 1127 4422 secundum
1159 4361 1254 4443 leges

132 4451 249 4515 civiles
264 4460 300 4514 et
316 4449 463 4515 morales
477 4469 523 4514 ex
536 4446 714 4514 affectione
729 4460 885 4515 externa.
923 4449 990 4534 Qui
1002 4454 1249 4518 conscientiam
