2776 5040
557 485 609 538 on
629 484 862 538 ennarrans.
1228 455 1268 557 23

207 652 267 720 Ex
281 653 334 719 his
357 662 453 736 patet
475 654 566 738 quod
588 654 692 720 horno
714 655 817 720 modo
839 655 883 720 sit
905 655 1013 721 sonna
1027 655 1216 735 charitatis,
1233 666 1269 722 et

136 748 235 832 quod
258 750 406 813 charitas
428 750 472 813 sit
496 749 632 814 Domini
654 750 744 832 apud
770 749 884 829 illum;
907 760 944 814 et
966 751 1057 833 quod
1080 751 1199 816 datum
1222 754 1267 816 sit

136 842 272 907 homini
288 840 420 926 [agere]
438 843 611 924 sicutipse
627 844 671 908 sit
686 843 845 919 charitas,
862 854 1001 927 propter
1016 843 1117 909 finem
1133 855 1170 910 ut
1186 865 1267 928 pos-

139 937 190 1001 sit
204 935 274 1000 fieri
289 936 551 1019 receptaculum,
567 946 603 1001 et
618 938 665 1001 sic
681 938 715 1001 in
732 935 968 1019 conjunctione
984 940 1158 1020 reciproca
1177 941 1265 1005 sicut

140 1050 164 1094 a
179 1050 228 1107 se,
245 1032 382 1095 tametsi
397 1052 418 1095 a
434 1030 592 1095 Domino.

141 1221 169 1272 4.
196 1219 268 1277 onon
276 1220 350 1273 homo
367 1220 429 1275 tulin
440 1222 524 1274 form
540 1219 676 1275 claritatis
692 1220 735 1281 ait,
753 1220 823 1275 deul
837 1220 930 1275 mum
949 1221 1088 1276 retentatis
1104 1222 1268 1290 minacium

245 1301 289 1350 nl
300 1297 369 1350 reris
380 1297 528 1350 intellectus
538 1296 610 1364 apud
618 1297 698 1350 illum.

208 1420 320 1488 Omne
342 1424 529 1489 voluntatis
550 1433 693 1488 vocatur
720 1424 857 1498 bonurn,
881 1434 918 1488 et
940 1444 1041 1489 omne
1073 1422 1268 1490 intellectus

143 1536 272 1592 verum,
286 1519 362 1601 quia
373 1518 531 1582 voluntas
542 1528 596 1582 est
608 1519 642 1582 in
654 1518 766 1582 calore
778 1518 876 1592 coeli,
889 1528 925 1582 et
937 1517 1131 1582 intellectus
1143 1520 1177 1582 in
1193 1518 1267 1583 luce

143 1612 251 1690 coeli;
274 1622 310 1676 et
326 1613 413 1675 sicut
428 1612 587 1676 voluntas
603 1613 730 1695 absque
745 1609 922 1676 intellectu
944 1631 1013 1675 non
1037 1612 1142 1676 habet
1157 1613 1268 1695 quale,

143 1708 192 1772 ita
207 1726 277 1771 non
293 1715 408 1788 potest
424 1707 537 1769 vocari
552 1705 688 1788 aliquid,
705 1706 765 1770 sed
780 1707 815 1769 in
824 1704 1007 1783 ⁴intelletiu
1022 1707 1146 1787 accipit
1170 1707 1270 1789 quale

145 1811 181 1866 et
197 1801 235 1867 fit
251 1800 388 1885 aliquid,
405 1810 440 1864 et
456 1800 642 1864 secundum
657 1801 748 1883 quod
764 1809 818 1865 est
832 1802 866 1863 in
882 1799 1058 1864 intellectu
1075 1800 1111 1864 fit
1124 1801 1194 1865 tale
1210 1812 1269 1865 aut

143 1895 224 1970 tale,
241 1915 301 1959 seu
316 1894 354 1958 fit
372 1893 497 1977 aliquid
522 1893 610 1977 [aut]
634 1895 780 1977 aliquid3
804 1896 852 1959 ita
874 1895 1001 1958 bonum
1025 1895 1153 1978 absque
1177 1915 1268 1971 vero,

143 1999 216 2054 tum
232 1989 359 2052 bonurn
375 2009 452 2052 curn
469 2008 560 2052 vero.

206 2080 322 2164 Quare
338 2102 418 2144 vera
433 2083 581 2164 genuina
603 2082 765 2146 discenda
780 2092 880 2160 sunt3
904 2101 981 2146 curn
1003 2081 1068 2145 illis
1091 2080 1268 2165 conjungit

142 2195 180 2240 se
201 2176 330 2240 bonurn
353 2175 550 2251 voluntatis,
573 2185 609 2240 et
631 2176 679 2239 sic
706 2173 744 2240 fit
773 2176 900 2240 bonurn
929 2174 1120 2240 voluntatis
1143 2176 1268 2240 bonurn

143 2269 332 2334 charitatis.

207 2361 328 2427 Omnis
343 2365 490 2428 varietas
506 2364 682 2428 charitatis
697 2372 751 2427 est
766 2362 854 2438 inde,
871 2383 930 2426 seu
953 2383 998 2427 ex
1015 2364 1102 2427 veris
1117 2364 1151 2426 in
1168 2364 1268 2428 intel-

143 2454 254 2536 lectu3
277 2477 393 2520 verum
409 2459 498 2521 enirn
514 2459 547 2520 in
563 2479 623 2521 sua
638 2458 788 2521 essentia
802 2466 855 2521 est
876 2458 1014 2532 bonum,
1032 2467 1068 2521 et
1083 2477 1199 2521 verum
1215 2469 1268 2523 est

142 2549 251 2614 forma
265 2551 355 2626 boni,
372 2570 507 2631 prorsus
523 2552 609 2615 sicut
625 2549 760 2635 loquela
775 2560 828 2614 est
844 2551 950 2615 forma
965 2552 1050 2626 soni,
1066 2551 1157 2635 quod
1178 2552 1269 2617 illus·

143 2654 265 2709 tretur.

207 2737 318 2802 Datur
332 2737 438 2801 forma
453 2739 527 2803 soni
542 2738 682 2821 duplex,
698 2759 765 2803 una
780 2748 901 2803 cantus
915 2747 952 2804 et
968 2738 1077 2803 altera
1092 2739 1246 2822 loquelae
1259 2762 1268 2818 ;

142 2830 297 2896 similiter
312 2830 496 2896 affectionis
512 2835 582 2897 veri
604 2854 649 2897 ex
665 2834 766 2909 bono,
783 2854 842 2897 seu
864 2832 1061 2911 charitatis3
1085 2833 1127 2897 de
1150 2834 1269 2916 quibus

141 2935 275 3009 agetur.
320 2937 390 2988 ΝΒ.

206 3017 381 3101 Quoniam
394 3020 442 3082 ita
457 3029 520 3094 est,
533 3018 611 3083 ideo
623 3019 749 3084 dietum
761 3029 825 3096 est,
839 3021 930 3104 quod
947 3021 1096 3084 charitas
1109 3021 1153 3085 sit
1168 3020 1268 3085 affec·

140 3114 192 3178 tio
206 3113 277 3177 veri
293 3134 338 3177 ex
351 3113 453 3188 bono,
466 3135 525 3177 seu
537 3111 669 3178 affectio
684 3116 754 3178 veri
766 3115 947 3197 spiritualis
960 3136 967 3192 ;
991 3115 1070 3178 inde
1082 3113 1120 3178 fit
1133 3113 1268 3180 affectio

136 3208 212 3271 veri
227 3207 403 3272 rationalis
419 3229 478 3272 seu
493 3208 641 3284 moralis,
654 3217 690 3274 et
706 3206 839 3274 affectio
850 3210 920 3273 veri
933 3208 1040 3273 civilis
1052 3229 1111 3273 seu
1128 3219 1265 3273 natura-

138 3301 195 3366 lis.

205 3395 292 3459 Inde
306 3405 361 3460 est
383 3395 473 3477 quod
489 3396 544 3478 qui
566 3397 600 3460 in
624 3397 790 3461 charitate
806 3406 896 3471 sunt,
912 3398 946 3459 in
970 3396 1046 3461 luce
1070 3398 1158 3475 sint;
1182 3407 1218 3462 et
1241 3400 1269 3461 si

135 3510 210 3555 non
227 3499 317 3565 sunt,
334 3490 424 3572 quod
448 3500 563 3555 ament
587 3491 717 3567 lucem;
741 3490 800 3552 lux
824 3499 876 3554 est
892 3509 1022 3564 verum,
1040 3501 1075 3554 et
1100 3491 1193 3555 calor
1215 3501 1268 3555 est

133 3586 290 3662 bonum;
313 3593 349 3647 et
372 3595 490 3648 notum
506 3595 558 3649 est
575 3585 665 3668 quod
680 3585 790 3648 omnis
805 3586 981 3666 vegetatio
997 3594 1033 3648 et
1055 3582 1269 3649 fructificatio

132 3680 184 3743 sit
200 3699 247 3742 ex
263 3678 354 3742 bono
370 3697 429 3760 per
444 3699 558 3742 verum
571 3700 578 3756 ;
602 3680 649 3742 ita
663 3698 796 3762 quoque
812 3680 989 3759 vegetatio
1004 3688 1039 3741 et
1055 3676 1268 3744 fructificatio

132 3771 337 3857 spiritualis.

205 3863 274 3930 Sed
291 3866 346 3949 qui
362 3850 430 3929 n‘on
447 3867 479 3929 in
495 3866 659 3930 charitate
676 3874 764 3941 sunt,
782 3884 850 3929 non
866 3874 982 3928 amant
999 3884 1114 3928 verum
1131 3866 1164 3928 in
1180 3866 1265 3941 luce,

133 3959 203 4026 sed
214 3970 359 4042 possunt
371 3980 482 4023 amare
495 3979 610 4024 verum
626 3962 660 4024 in
676 3960 812 4038 umbra;
829 3969 865 4024 et
881 3960 947 4024 hoc
957 3979 1073 4024 verum
1083 3969 1137 4023 est
1150 3980 1265 4024 verum

135 4054 220 4119 fidei
242 4053 356 4129 hodie,
375 4055 439 4118 hoc
462 4064 526 4128 est,
543 4054 633 4137 quod
656 4055 864 4119 credendum
888 4055 931 4119 sit
954 4053 1116 4129 verum‚1¹1
1130 4055 1268 4118 tametsi

138 4169 211 4213 non
223 4148 359 4212 videtur
370 4145 546 4211 intellectu
558 4168 565 4226 ;
589 4150 636 4212 sic
649 4150 738 4212 enirn
751 4158 867 4230 potest
880 4147 1001 4213 salsum
1014 4148 1126 4213 vocari
1139 4167 1266 4224 verum,

137 4252 239 4307 etex
255 4239 513 4308 confirmatione
530 4241 601 4324 ejus
616 4243 729 4307 vocari
745 4261 874 4321 verum,
891 4251 929 4308 ut
945 4242 993 4309 fit.
