2776 5040
466 480 518 533 ΒΕ
540 479 646 534 NOVA
668 479 944 537 nmuosowua
1061 494 1067 503 ·

664 975 733 1061 [n]

233 1209 305 1284 DE
340 1209 672 1285 VOLUNTATE
707 1210 774 1284 ET
808 1209 1106 1286 INTELLECT
1109 1209 1158 1289 U.

169 1539 225 1593 ¹8·

252 1604 353 1670 UNT
380 1605 507 1669 homini
534 1605 633 1669 binae
659 1605 851 1681 facultates,
878 1625 966 1688 quae
994 1605 1123 1671 iaciunt
1150 1604 1253 1671 vitam

143 1603 247 1878 S
280 1700 371 1781 ejus;
398 1720 464 1762 una
487 1710 629 1763 vocatur
647 1699 831 1776 Voluntas,
850 1709 887 1764 et
909 1699 1020 1764 altera
1044 1696 1252 1764 Intellectus.

280 1793 367 1858 Illae
393 1794 482 1857 inter
504 1814 541 1857 se
567 1791 750 1858 distinctae
776 1803 868 1869 sunt,
892 1793 953 1858 sed
980 1795 1029 1858 ita
1055 1803 1194 1859 creatae
1219 1803 1254 1858 ut

282 1908 386 1953 unum
401 1890 481 1963 sint,
492 1899 528 1952 et
540 1907 618 1951 cum
631 1907 732 1951 unum
746 1899 825 1952 sunt
837 1898 1004 1953 vocantur
1016 1887 1139 1967 Mens;
1153 1909 1254 1972 quare

138 2005 235 2048 mens
253 1985 400 2048 humana
416 1982 494 2046 illae
513 1992 605 2058 sunt,
625 1992 660 2047 et
679 1984 791 2046 omnis
809 1983 880 2046 vita
899 1983 1046 2047 hominis
1065 1984 1120 2047 ibi.

197 2095 267 2162 29.
296 2078 390 2143 Sicut
406 2079 520 2142 omnia
536 2080 569 2140 in
588 2079 760 2152 universo,
778 2099 866 2161 quae
883 2078 1073 2142 secundum
1093 2078 1255 2143 Divinum

138 2173 292 2235 ordinem
315 2181 406 2245 sunt,
424 2191 461 2234 se
484 2171 633 2234 referunt
656 2172 699 2233 ad
722 2171 848 2234 bonum
868 2181 904 2234 et
923 2191 1051 2246 verum,
1070 2173 1119 2234 ita
1143 2172 1255 2235 omnia

137 2267 227 2348 apud
246 2265 419 2329 hominem
438 2264 481 2327 ad
498 2263 713 2329 voluntatem
732 2275 769 2328 et
788 2262 1011 2341 intellectum,
1029 2285 1109 2329 nam
1127 2265 1255 2330 bonum

137 2360 227 2442 apud
243 2360 415 2423 hominem
432 2369 486 2423 est
503 2358 574 2439 ejus
586 2359 784 2435 voluntatis,
798 2370 833 2424 et
849 2379 966 2423 verum
982 2360 1071 2441 apud
1090 2359 1188 2425 illum
1202 2370 1254 2425 est

137 2454 207 2534 ejus
223 2450 438 2528 intellectus3
467 2462 547 2515 sunt
570 2454 659 2516 enim
683 2453 748 2516 hae
770 2454 872 2516 binae
895 2453 1087 2528 facultates,
1108 2474 1169 2518 seu
1191 2454 1255 2518 hae

137 2549 235 2612 binae
246 2550 338 2612 vitae
350 2548 506 2621 hominis,
517 2547 736 2630 receptacula
748 2559 783 2613 et
796 2545 947 2629 subjecta
958 2548 1092 2612 illorum
1105 2569 1113 2625 ;
1132 2548 1254 2612 volun·

137 2653 191 2706 tas
210 2653 263 2706 est
280 2641 532 2724 receptaculum
553 2652 588 2705 et
607 2640 795 2723 subjeftum
814 2643 964 2706 omnium
984 2644 1075 2717 boni,
1092 2662 1131 2706 ac
1151 2642 1253 2707 intel·

136 2736 244 2801 letius
263 2746 317 2801 est
340 2737 593 2818 receptaculum
617 2746 654 2801 et
673 2735 861 2817 subjetium
880 2738 1030 2800 omnium
1049 2738 1139 2816 veri;
1163 2734 1254 2801 bona

136 2843 172 2898 et
195 2854 276 2896 vera
297 2831 386 2914 apud
410 2831 582 2895 hominem
606 2853 674 2895 non
701 2831 780 2895 alibi
807 2842 906 2897 sunt:
938 2842 974 2896 et
1001 2833 1078 2915 quia
1104 2831 1198 2896 bona
1218 2841 1253 2895 et

136 2948 217 2991 vera
235 2927 324 3008 apud
344 2926 517 2989 hominem
537 2946 604 2989 non
628 2927 708 2990 alibi
731 2936 821 3002 sunt,
838 2928 886 2991 ita
910 2945 1088 2989 necamur
1110 2935 1145 2988 et
1170 2924 1254 2989 fides

136 3031 215 3084 sunt
238 3021 328 3095 alibi,
349 3021 507 3103 quoniam
531 3040 627 3083 amor
645 3031 699 3084 est
722 3021 802 3085 boni
825 3030 861 3085 et
884 3021 1010 3084 bonum
1034 3029 1089 3084 est
1113 3022 1251 3095 amoris,

136 3135 175 3179 ac
192 3114 275 3178 fides
291 3125 344 3178 est
357 3115 427 3178 veri
442 3135 481 3178 ac
498 3135 614 3178 verum
631 3125 684 3179 est
701 3114 787 3178 fidei.

193 3223 268 3290 3⁰.
294 3207 383 3288 Quia
399 3227 487 3270 nunc
500 3209 614 3270 omnia
633 3209 665 3269 in
679 3209 838 3270 universo
850 3228 886 3269 se
899 3207 1049 3271 referunt
1065 3208 1108 3270 ad
1125 3208 1253 3272 bonum

135 3309 171 3364 et
190 3318 318 3375 verum,
337 3318 376 3361 ac
400 3299 515 3361 omnia
537 3298 702 3362 ecclesiae
726 3300 769 3362 ad
792 3299 917 3363 bonum
935 3301 1059 3362 amoris
1082 3311 1118 3364 et
1137 3322 1253 3365 verum

136 3393 224 3468 fidei,
245 3403 281 3456 et
304 3393 382 3474 quia
404 3392 509 3455 homo
532 3403 586 3456 est
613 3393 717 3455 homo
742 3415 787 3456 ex
814 3394 900 3456 binis
929 3394 995 3457 illis
1023 3393 1252 3472 facultatibus,

135 3488 212 3551 ideo
236 3488 279 3549 de
302 3485 368 3549 illis
390 3507 524 3569 quoque
548 3488 580 3548 in
605 3487 669 3549 hac
689 3483 853 3550 Doctrina
876 3489 1010 3569 agitur;
1041 3488 1167 3570 alioqui
1191 3510 1252 3555 nec

135 3591 252 3663 posset
272 3576 433 3644 distincta
452 3581 527 3643 idea
546 3581 589 3643 de
608 3580 673 3643 illis
692 3582 736 3645 ab
754 3582 891 3645 homine
912 3582 1038 3657 haberi,
1059 3602 1098 3645 ac
1122 3584 1253 3647 sundari

134 3676 312 3757 cogitatio.

192 3783 260 3850 31.
289 3766 464 3831 Voluntas
483 3778 518 3831 et
533 3765 731 3831 intellei’tus
749 3769 852 3831 etiam
869 3768 998 3832 faciunt
1016 3771 1173 3851 spiritum
1189 3770 1252 3834 ho·

134 3865 244 3939 miniS,
262 3883 341 3926 nam
365 3862 435 3944 ejus
459 3865 628 3946 sapientia
646 3874 682 3928 et
701 3864 931 3947 intelligentia
950 3868 983 3928 in
1003 3866 1069 3929 illis
1088 3867 1249 3943 resident,

134 3969 169 4022 et
186 3959 218 4020 in
238 3978 364 4039 genere
384 3957 453 4038 ejus
472 3960 563 4035 vita;
588 3978 709 4041 corpus
725 3970 779 4023 est
798 3961 901 4023 modo
921 3961 1126 4023 obedientia.

191 4065 260 4134 3².
289 4049 384 4113 Nihil
402 4051 510 4131 magis
523 4051 668 4114 interest
684 4053 770 4114 scire
783 4072 885 4133 quam
897 4055 1071 4134 quomodo
1089 4053 1252 4117 voluntas

133 4154 170 4207 et
189 4139 383 4207 intellectus
403 4162 503 4205 unam
520 4153 672 4206 mentem
691 4143 827 4208 faciunt.
873 4144 1018 4208 Faciunt
1037 4164 1137 4207 unam
1156 4166 1250 4209 men·

134 4245 206 4301 tem
225 4239 313 4300 sicut
332 4237 458 4299 bonum
478 4246 513 4299 et
532 4257 647 4300 verum
665 4239 791 4301 faciunt
812 4258 934 4317 unum;
961 4248 1014 4302 est
1033 4242 1122 4302 enim
1141 4241 1251 4304 simile

133 4331 327 4412 conjugium
346 4332 435 4395 inter
452 4330 668 4394 voluntatem
687 4342 722 4395 et
742 4329 953 4396 intellectum
970 4333 1069 4415 quale
1088 4344 1141 4396 est
1161 4336 1250 4398 inter

133 4426 259 4490 bonum
282 4435 318 4489 et
337 4445 472 4490 verum:
498 4426 599 4510 quale
616 4426 650 4489 id
673 4426 866 4509 conjugium
884 4438 949 4505 est,
969 4438 1128 4492 constare
1148 4428 1249 4512 plene
