2776 5040
132 486 176 550 94
605 482 777 534 conorns.

133 670 214 715 num
226 660 345 735 aperta
358 671 433 716 cum
446 652 578 734 angelis
591 653 687 729 caeli,
701 663 736 717 et
752 650 842 715 laeta
853 662 907 716 est
924 648 1120 733 conjunftio
1132 651 1236 714 utrius·

133 767 199 829 que
232 747 368 825 mundi;
398 750 557 829 quoniam
588 767 664 810 cum
695 748 798 810 homo
829 758 882 811 est
912 749 946 810 in
978 767 1081 810 sensu
1110 744 1238 808 naturali

132 840 248 923 angeli
263 851 342 904 sunt
357 842 390 904 in
407 862 508 905 sensu
523 841 699 925 spirituali.
731 842 783 905 De
799 842 864 905 hoc
880 862 983 906 sensu
997 843 1153 905 videatur
1163 838 1241 922 quod

133 937 371 1018 scriptumest
396 935 443 1019 [in
471 935 557 1001 Vera
578 935 776 1002 Chnkte'ana
798 935 985 1019 Religione]
1011 937 1046 999 in
1069 936 1181 1018 capite
1199 932 1242 995 De

133 1028 307 1111 Scriptura
327 1029 439 1094 Sacra.

199 1123 281 1206 (45.)
314 1124 644 1208 Correspondentiae
662 1145 722 1209 per
737 1146 820 1208 quas
839 1124 993 1189 Verbum
1010 1124 1125 1208 quoad
1144 1121 1246 1186 omnia

133 1228 169 1281 et
192 1218 326 1301 singula
349 1221 577 1302 conscriptum
601 1231 665 1295 est,
684 1220 790 1283 talem
808 1220 876 1282 vim
900 1229 935 1283 et
958 1220 1124 1282 virtutem
1148 1217 1246 1300 possi·

134 1312 228 1389 dent,
246 1323 282 1377 ut
298 1316 411 1377 vocari
430 1316 537 1398 possit
553 1316 604 1389 vis
623 1325 658 1378 et
674 1315 781 1378 virtus
799 1315 1073 1396 omnipotentiae
1090 1313 1247 1384 Divinae;

133 1427 213 1471 nam
232 1429 291 1490 per
309 1408 384 1472 illas
407 1409 561 1473 naturale
576 1405 806 1491 ¹¹¹conjun6tim
830 1427 907 1473 cum
930 1407 1110 1490 spirituali,
1129 1417 1165 1470 et
1187 1407 1247 1488 spi·

133 1502 254 1566 rituale
269 1522 345 1567 cum
362 1505 517 1577 naturali,
530 1506 601 1585 agit
616 1526 624 1582 ;
642 1506 691 1568 ita
706 1523 808 1567 omne
824 1502 909 1566 caeli
925 1523 1002 1565 cum
1019 1503 1115 1565 omni
1131 1501 1248 1565 mundi.

135 1596 219 1660 Inde
235 1607 287 1661 est
304 1599 395 1680 quod
413 1598 480 1661 duo
497 1598 717 1662 Sacramenta
733 1600 801 1661 sint
817 1597 1145 1679 correspondentiae
1160 1596 1248 1678 spiri·

133 1691 274 1755 tualium
293 1712 370 1755 eum
389 1693 607 1757 naturalibus.
653 1693 737 1756 Inde
754 1693 888 1756 illorum
906 1694 1015 1755 virtus
1033 1701 1071 1755 et
1091 1691 1249 1773 potentia.

200 1784 281 1868 (46.)
313 1784 430 1868 ¹¹¹Quid
454 1787 614 1851 miracula
636 1798 757 1851 contra
780 1787 860 1850 illa?
888 1786 1056 1849 Miracula
1079 1806 1150 1849 non
1173 1784 1250 1847 liunt

134 1878 246 1956 hodie,
266 1877 370 1964 ¹⁸¹quia
388 1883 554 1946 seducunt
574 1883 739 1958 homines,
760 1893 795 1946 et
818 1882 945 1945 faciunt
963 1881 1043 1944 illos
1063 1880 1250 1954 naturales;

134 1975 311 2039 includunt
330 1977 490 2039 interiora
509 1973 651 2041 meorum
669 1977 803 2050 mentis,
820 1977 854 2039 in
872 1976 994 2058 quibus
1012 1974 1099 2038 fides
1115 1975 1251 2038 radicari

135 2069 237 2133 debet
251 2093 259 2148 ;
278 2071 356 2134 inde
366 2091 457 2134 mere
468 2072 551 2135 salsa
561 2072 750 2154 procedunt
762 2070 932 2153 (videatur
941 2069 1070 2133 Matth.
1082 2071 1178 2132 xxiv.
1189 2068 1250 2150 24).

135 2161 225 2244 Quid
242 2165 403 2228 miracula
418 2161 478 2228 ¹⁸¹in
495 2165 661 2248 Aegypto
676 2163 764 2228 sabla
780 2165 869 2246 apud
886 2163 1023 2227 Israelis
1035 2163 1124 2227 filios
1136 2163 1250 2228 effece-

134 2257 235 2322 runt?
272 2257 362 2340 Quid
378 2259 538 2322 miracula
553 2261 587 2322 in
599 2260 736 2323 deserto
749 2277 863 2322 coram
879 2257 968 2320 illis?
1005 2256 1098 2339 Quid
1114 2259 1250 2320 miracu·

134 2350 169 2414 la
191 2372 267 2415 cum
297 2354 440 2434 ingressi
470 2354 611 2417 Terram
643 2352 862 2417 Canaanem?
898 2350 989 2433 Quid
1021 2352 1185 2415 miracula
1213 2352 1252 2414 ab

135 2446 212 2510 Elia
234 2457 269 2511 et
296 2447 433 2510 Elisaeo
455 2446 566 2511 laeta?
611 2447 700 2529 Quid
728 2447 888 2510 miracula
915 2448 959 2509 ab
985 2447 1062 2528 ipso
1086 2445 1251 2510 Domino?

135 2540 225 2603 Num
245 2543 419 2624 quisquam
439 2543 516 2605 inde
535 2541 715 2624 spiritualis
734 2540 840 2605 fastus
859 2541 934 2604 est?
980 2540 1073 2621 Quid
1098 2540 1251 2603 miracula

135 2637 224 2717 apud
256 2636 650 2700 Romano-Catholicos?
681 2646 715 2699 et
746 2636 891 2699 Antonii
921 2636 954 2697 in
987 2635 1126 2698 Padua?
1157 2637 1251 2698 trium

135 2728 332 2811 Sapientum
353 2730 537 2794 Coloniae?
582 2731 628 2793 Et
651 2731 730 2813 quid
754 2729 1011 2792 innumerabilia
1029 2731 1063 2791 in
1084 2740 1250 2792 monaste·

135 2825 201 2898 riis,
233 2845 318 2906 quae
348 2822 495 2907 piCturis,
527 2824 671 2887 lamellis
701 2834 735 2888 et
769 2825 866 2887 donis
897 2822 1127 2904 repletissima
1156 2823 1251 2886 sunt?

136 2918 226 2981 Num
253 2920 330 2982 inde
358 2921 532 3000 quisquam
560 2918 740 3001 spiritualis
767 2917 874 2982 sanus
897 2918 975 2980 est?
1027 2918 1152 2981 Nonne
1179 2919 1251 2980 inde

134 3011 211 3076 faeti
235 3024 313 3077 sunt
338 3015 518 3086 naturales
543 3035 646 3095 usque
670 3025 706 3076 ut
729 3015 788 3075 vix
811 3014 844 3074 in
867 3013 933 3074 illis
956 3009 1123 3094 ¹⁸¹aliquod
1142 3032 1251 3075 verum

136 3106 251 3182 Verbi,
272 3109 332 3170 sed
360 3110 462 3171 modo
488 3106 659 3171 ¹¹¹extema
686 3107 807 3182 cultus,
835 3103 948 3189 [⁸¹quae
972 3117 1053 3170 sunt
1084 3107 1251 3171 hominum

136 3212 171 3265 et
191 3204 421 3266 traditionum.

201 3375 282 3457 (47.)
315 3374 416 3456 Quod
435 3377 468 3437 in
486 3374 622 3438 Christo
642 3375 734 3436 Deus
750 3376 793 3437 sit
815 3373 940 3448 Home,
959 3384 995 3437 et
1017 3374 1137 3438 Homo
1155 3375 1251 3445 Deus,

136 3469 351 3532 confirmatur
371 3471 476 3532 tribus
495 3471 622 3532 vicibus
641 3471 674 3532 in
690 3468 849 3531 Formula
870 3467 1099 3543 Concordiam
1124 3480 1194 3534 tum
1212 3488 1251 3530 ex

137 3563 288 3644 Symbola
313 3563 509 3638 Athanasii,
534 3565 588 3626 ubi
615 3564 736 3627 dicitur
759 3563 976 3644 “assumptio
1005 3560 1251 3645 [humanitatis]

135 3659 169 3719 in
189 3658 298 3720 Deum
312 3659 337 3736 ;''
360 3679 405 3722 ex
425 3658 541 3721 Verbo

359 3773 441 3833 (Rom.
453 3772 506 3822 xiv.
519 3784 546 3820 11
557 3785 564 3831 ;
590 3771 679 3821 Coloss.
690 3771 717 3821 ii.
727 3785 743 3833 9
753 3785 760 3828 ς
785 3782 796 3818 1
810 3769 873 3834 Jok.
884 3784 910 3821 v.
921 3781 961 3828 20,
974 3769 1035 3831 21);

137 3894 208 3947 tum
225 3904 269 3947 ex
290 3884 369 3967 Ipso
390 3886 548 3960 Domino,

413 3995 492 4058 Quod
507 3994 585 4043 Pater
597 4004 624 4042 et
638 3993 699 4056 lpse
712 4007 794 4041 unum
807 3994 878 4048 sint:

413 4059 491 4124 Quod
505 4059 584 4108 Pater
596 4060 622 4107 in
638 4059 700 4121 Ipso
713 4069 739 4107 et
753 4057 813 4120 lpse
827 4059 853 4106 in
868 4058 964 4117 Patre;

414 4125 491 4188 Quod
504 4125 596 4171 omnia
610 4124 696 4173 Patris
709 4125 763 4172 sint
777 4123 882 4186 Ipsius;

413 4189 492 4254 Quod
504 4191 539 4238 sit
551 4189 613 4237 Vita
624 4190 651 4238 in
665 4190 698 4238 Se
712 4189 791 4252 Ipso:

413 4255 491 4318 Quod
504 4256 539 4303 sit
552 4254 625 4303 Deus
638 4256 703 4304 caeli
715 4266 742 4303 et
754 4266 856 4314 terrae3
874 4264 925 4303 etc.

202 4421 282 4506 (48.)
314 4421 415 4506 Quod
433 4425 545 4487 anima
564 4427 607 4488 sit
626 4426 764 4488 intimus
782 4424 896 4498 homo,
916 4434 951 4486 et
970 4425 1052 4489 inde
1073 4429 1256 4492 secundum
