2776 5040
179 459 223 522 44
649 455 822 509 coaours.

179 622 321 686 Ecclesia
342 622 584 687 luerunt—Hic
606 633 716 687 status
734 624 933 687 describitur
952 645 1013 707 per
1031 623 1291 688 “diluvium’'in

180 740 245 802 quo
257 739 376 782 ornnes
391 717 589 801 superstites
606 717 684 780 mali
700 718 889 800 perierunt;
912 728 947 782 et
964 739 1022 800 per
1035 724 1055 751 “
1065 718 1097 781 N
1100 713 1243 782 oachum
1259 728 1292 781 et

179 812 248 894 ejus
258 812 373 888 filios,'’
383 834 441 896 per
451 832 535 894 quos
546 811 780 894 intelliguntur
789 831 907 876 omnes
918 813 997 875 boni
1007 814 1063 895 qui
1076 813 1200 876 salvati
1209 823 1292 876 sunt.

180 906 272 970 Finis
290 906 556 988 Antiquissimae
580 905 756 970 Ecclesiae
776 927 836 988 per
855 905 1081 969 “Adamum”
1099 927 1293 988 repraesen-

178 1010 273 1065 tatae
292 1001 490 1064 describitur
507 1001 540 1063 in
559 1001 671 1082 capite
689 1011 791 1064 sexto
811 1000 980 1077 Geneseos,
1000 1021 1061 1083 per
1079 1000 1180 1064 haec:

230 1152 324 1203 “Cum
337 1153 438 1204 videret
454 1153 576 1219 Jehovab
587 1153 659 1216 quod
671 1153 891 1216 multiplicaretur
902 1154 1004 1203 malitia
1015 1155 1133 1204 hominis
1146 1155 1174 1204 in
1187 1156 1292 1213 mundo,

308 1230 335 1268 et
345 1219 452 1282 insuper
461 1234 542 1268 omne
552 1218 707 1282 figmentum
717 1215 934 1284 [cogitationum]
942 1220 1031 1268 cordis
1040 1219 1099 1281 ejus
1108 1221 1294 1269 tantummodo

309 1285 410 1333 malum
428 1285 501 1333 omni
519 1284 570 1342 die,
589 1285 721 1346 paenituit
740 1283 872 1349 Jebovam
891 1284 961 1348 quod
982 1284 1091 1334 lecisset
1109 1285 1250 1334 bominem
1270 1286 1294 1333 in

308 1358 386 1399 terra.
424 1348 489 1399 ldeo
500 1349 567 1398 dixit
578 1349 707 1413 Jehovab,
723 1349 826 1398 Delebo
838 1350 975 1398 hominem
988 1364 1067 1413 quem
1080 1352 1170 1399 creavi
1183 1351 1295 1412 desuper

309 1414 427 1463 faciebus
445 1426 539 1463 terrae.
576 1413 850 1464 ....Tantummodo
869 1414 996 1464 Noachus
1014 1414 1119 1464 invenit
1136 1417 1252 1477 gratiam
1268 1417 1293 1464 in

309 1479 394 1529 oculis
406 1479 525 1544 Jehovae
533 1478 547 1498 ”
554 1479 636 1541 (vers.
649 1478 714 1541 5-8).

179 1619 347 1686 Ultimum
365 1620 530 1703 Judicium
553 1631 668 1685 autern
691 1642 791 1704 super
812 1621 889 1685 illos
912 1622 1113 1685 describitur
1136 1643 1198 1704 per
1218 1622 1294 1685 “di-

179 1714 332 1778 luvium'’
376 1714 476 1797 Quod
503 1736 562 1797 per
586 1715 804 1789 “diluvium”
827 1736 928 1779 causa
955 1725 1007 1778 est
1035 1717 1113 1796 quia
1138 1715 1294 1798 “aquae”

178 1810 212 1872 in
225 1809 342 1873 Verbo
357 1808 548 1891 significant
565 1830 654 1884 vera,
672 1820 707 1873 et
724 1810 757 1873 in
773 1811 932 1891 opposito
948 1830 1048 1872 sensu
1064 1809 1160 1872 salsa.
1205 1809 1294 1872 Vera

179 1902 410 1984 significantur
432 1924 491 1986 per
513 1924 618 1985 aquas
640 1903 753 1977 sontis,
774 1923 878 1985 aquas
901 1903 1000 1975 fluvii,
1021 1923 1127 1984 aquas
1150 1903 1292 1984 pluviae,

179 2017 302 2079 perque
326 2017 429 2079 aquas
453 1997 660 2060 lavationum
686 1996 766 2060 olim
791 2007 825 2060 et
851 2016 954 2079 aquas
982 1996 1148 2077 Baptismi
1176 1997 1291 2060 hodie:

179 2092 478 2172 correspondentia
501 2090 559 2154 illa
582 2102 634 2154 est
657 2112 702 2154 ex
725 2111 777 2165 eo,
802 2090 893 2171 quod
915 2110 995 2152 vera
1022 2088 1201 2172 purificent
1223 2092 1291 2153 ani·

179 2205 269 2248 marn
289 2185 433 2248 hominis
451 2186 495 2248 ab
516 2185 708 2259 immundis,
728 2186 814 2247 sicut
834 2205 942 2266 aquae
961 2203 1082 2265 corpus
1102 2183 1192 2265 ejus;
1219 2186 1291 2248 ideo

179 2290 344 2343 vocantur
358 2284 492 2361 “aquae
505 2278 628 2342 vivae.'’
672 2277 723 2341 At
736 2280 769 2341 in
782 2280 940 2361 opposito
953 2298 1053 2340 sensu
1066 2298 1126 2359 per
1140 2284 1160 2310 “
1169 2299 1270 2361 aquas
1277 2277 1291 2303 ’'

179 2373 410 2455 significantur
425 2372 528 2449 falsa;
552 2372 612 2435 sed
632 2393 690 2454 per
706 2392 809 2454 aquas
826 2373 982 2452 impuraS,
1003 2370 1122 2453 quales
1137 2383 1217 2434 sunt
1235 2392 1290 2453 pa·

179 2467 304 2540 ludum,
326 2468 546 2530 cisternarum
570 2466 658 2528 male
678 2466 853 2538 olentium,
875 2466 947 2527 lotii
971 2475 1006 2527 et
1029 2465 1287 2546 quisquiliarum,

179 2563 211 2624 in
228 2583 352 2643 genere
369 2583 427 2642 per
443 2581 561 2623 omnes
577 2562 839 2622 detrimentosas
856 2570 890 2621 et
907 2558 1073 2634 letiferas;
1098 2560 1146 2620 ita
1162 2580 1290 2640 quoque

179 2677 238 2739 per
256 2676 359 2736 aquas
382 2677 400 2717 e
424 2675 563 2737 quarum
586 2654 806 2717 inundatione
829 2654 932 2714 homo
955 2654 1126 2723 emoritur,
1150 2654 1288 2734 proinde

179 2771 238 2832 per
257 2750 426 2811 Diluvium
447 2749 667 2810 Noachicum
713 2746 813 2827 Quod
833 2746 916 2808 salsa
936 2747 968 2808 in
988 2747 1148 2826 congerie
1168 2747 1289 2809 descri-

178 2846 303 2908 buntur
326 2865 384 2926 per
404 2840 704 2916 “inundationes’'
723 2863 768 2904 ex
791 2841 1008 2923 sequentibus
1027 2840 1079 2902 his
1103 2839 1189 2903 locis
1212 2861 1290 2904 con·

179 2949 269 3002 stare
288 2949 422 3020 potest:

230 3082 412 3134 ¹¹nominus1¹1
430 3085 574 3133 ascendere
595 3080 721 3131 laciensl²l
743 3097 822 3144 super
842 3097 889 3131 eos
908 3097 991 3146 aquas
1014 3080 1111 3129 fluvii”
1132 3082 1292 3145 (Euphratis)

311 3152 437 3199 “validas
449 3161 476 3198 et
488 3150 584 3197 multas
595 3164 600 3205 ;
620 3185 625 3197 .
638 3185 643 3197 .
656 3186 662 3198 .
673 3149 714 3196 hic
728 3149 774 3196 ibit
787 3162 834 3209 per
843 3147 982 3210 jehudam
997 3148 1146 3205 inundabit,
1161 3149 1289 3203 transibit,

308 3217 436 3279 usquead
449 3216 546 3263 collum
559 3215 693 3277 pertinget
702 3213 716 3232 ”
728 3213 812 3273 (Esai.
825 3214 878 3261 viii.
894 3224 916 3272 7,
930 3210 997 3272 81³l);

178 3393 239 3454 per
266 3376 398 3452 “aquas
429 3370 516 3432 fluvii
544 3367 751 3449 Euphratis”
782 3366 1014 3447 significantur
1042 3367 1220 3428 ratiocinia
1250 3387 1291 3428 ex

178 3466 280 3539 salsis,
301 3466 377 3546 quia
400 3485 459 3545 per
479 3461 716 3542 “Assyriam''
735 3461 827 3541 cujus
847 3460 962 3522 fluvius
981 3470 1065 3533 erat,
1086 3459 1292 3541 significatur

179 3559 403 3623 ratiocinatio

230 3707 368 3770 “Spiritus
386 3705 503 3769 Jehovae
521 3706 588 3753 sicut
605 3704 701 3751 fluvius
716 3702 858 3757 inundans,
872 3716 956 3763 usque
973 3701 1007 3749 ad
1024 3701 1122 3748 collum
1136 3700 1288 3758 dimidiabit,

308 3773 341 3820 ad
353 3772 521 3821 cribrandum
534 3779 627 3831 gentes
640 3770 726 3816 cribro
739 3766 885 3816 vanitatis”
898 3766 981 3828 (Esai.
996 3781 1057 3814 xxx.
1071 3766 1110 3821 28,
1124 3766 1182 3826 30);

180 3942 238 4003 per
258 3920 420 3982 “fluvium
444 3921 664 3982 inundantem
673 3916 687 3941 ”
706 3917 759 3980 hic
783 3915 936 3978 similiter
959 3912 1169 3994 significatur
1191 3914 1291 3976 ratio·

179 4016 305 4079 cinatio
321 4035 365 4077 ex
384 4014 484 4076 salsis.

230 4162 323 4211 “Ecce
335 4176 419 4222 aquae
429 4160 605 4208 ascendentes
622 4174 637 4207 e
656 4158 846 4220 septentrione,
862 4171 928 4219 quae
946 4156 1012 4203 sicut
1031 4154 1129 4203 flumen
1149 4155 1288 4208 inundans,

308 4242 339 4275 ac
352 4227 490 4275 inundabit
503 4234 600 4273 terram
613 4234 639 4273 et
652 4224 843 4287 plenitudinem
856 4220 937 4284 ejus”
949 4221 1056 4284 (Jerem.
1069 4220 1142 4268 xlvii.
1155 4220 1195 4280 2);

179 4375 264 4439 haec
292 4374 333 4438 de
363 4372 586 4446 Philisthaeis,
616 4392 675 4454 per
701 4390 785 4452 quos
815 4368 1051 4449 intelliguntur
1077 4367 1132 4449 qui
1162 4386 1229 4428 non
1258 4366 1287 4426 in
