2776 5040
262 176 312 228 nr
334 175 419 243 nJus
440 173 638 228 nocrnnta
660 173 934 227 cannam-n.
954 175 1025 243 325.
1137 175 1197 242 ¹79

140 356 233 426 321.
261 341 378 425 ipsum
394 341 525 424 regium
543 359 612 404 non
628 349 683 404 est
698 341 732 405 in
747 358 906 423 persona,
922 339 983 403 sed
999 337 1195 420 adjundtum

73 443 135 498 est
154 454 330 517 personae.
375 433 454 497 Rex
472 433 529 516 qui
548 433 657 497 credit
672 433 762 515 quod
782 433 911 513 regium
928 432 971 496 sit
991 431 1024 495 in
1043 451 1103 494 sua
1121 450 1196 513 per·

67 546 176 602 sona,
195 536 231 590 et
254 524 443 608 praeiedtus
466 528 522 609 qui
544 527 653 591 credit
675 526 766 609 quod
793 523 1024 609 praeiedturae
1047 525 1197 607 dignitas

66 621 125 684 sit
145 620 179 683 in
197 639 258 684 sua
276 639 432 702 persona,
449 638 519 684 non
537 621 636 702 sapit.

139 729 234 798 3²²·
267 714 415 798 Regium
444 716 603 780 consistit
635 715 669 779 in
701 715 975 779 administrando
1009 714 1196 778 secundum

64 807 178 890 leges
193 808 300 890 regni,
318 817 353 872 et
369 809 402 870 in
415 806 599 889 judicando
615 808 800 871 secundum
817 807 893 870 illas
909 827 954 870 ex
970 806 1073 888 justo.
1118 805 1196 870 Rex

60 902 136 985 qui
159 899 295 984 spedtat
315 902 409 984 leges
428 922 528 983 supra
547 922 595 977 se,
614 903 642 965 is
660 903 771 984 sapit;
795 901 850 984 qui
870 911 984 964 autem
1004 899 1137 983 spedtat
1160 921 1198 965 se

59 1015 182 1078 supra
201 995 308 1077 leges,
322 997 350 1058 is
370 1015 437 1058 non
456 995 555 1078 sapit.
600 995 679 1059 Rex
698 996 753 1077 qui
770 992 903 1077 spectat
921 994 1015 1078 leges
1032 1016 1132 1078 supra
1147 1016 1195 1069 se.

56 1090 103 1153 is
120 1089 255 1170 regium
272 1091 368 1172 ponit
384 1091 417 1152 in
436 1088 524 1172 lege.
538 1099 574 1153 et
590 1088 649 1153 lex
666 1090 861 1153 dominatur
877 1110 977 1171 super
992 1088 1108 1166 iilum;
1131 1091 1196 1153 scit

55 1185 171 1248 enirn
196 1184 286 1266 quod
309 1183 367 1248 lex
387 1184 432 1248 sit
455 1183 597 1266 justitia,
617 1193 652 1248 et
676 1184 786 1247 omnis
805 1181 938 1265 justitia
961 1204 1047 1266 quae
1066 1183 1197 1264 justitia

54 1287 133 1343 est
159 1277 301 1341 Divina:
333 1279 389 1361 qui
411 1289 527 1341 autern
550 1276 684 1360 spedtat
707 1298 744 1341 se
767 1297 867 1359 supra
891 1277 996 1360 leges,
1016 1279 1044 1341 is
1066 1279 1196 1358 regium

53 1373 181 1456 ponit
205 1373 239 1440 in
262 1393 310 1448 se,
331 1381 366 1436 et
389 1364 497 1435 credit
520 1392 557 1435 se
576 1371 630 1436 vel
653 1392 728 1436 esse
752 1370 876 1454 legem,
896 1371 951 1435 vel
975 1371 1087 1454 legem
1110 1392 1197 1454 quae

40 1466 211 1548 justitia
233 1487 310 1530 esse
332 1487 352 1530 a
375 1487 431 1544 se;
465 1467 544 1530 inde
566 1467 657 1550 quod
682 1466 841 1530 Divinum
869 1476 934 1541 est,
954 1467 1017 1529 sibi
1046 1475 1196 1548 arrogat,

53 1562 147 1626 sub
164 1582 233 1644 quo
251 1571 368 1624 tamen
387 1562 462 1625 erit.

142 1673 242 1744 323·
271 1659 347 1723 Lex
373 1680 460 1741 quae
484 1658 617 1741 justitia
643 1680 664 1722 a
689 1658 895 1743 legisperitis
922 1659 1132 1741 sapientibus
1161 1667 1198 1722 et

47 1754 283 1818 timentibus
306 1754 416 1817 Deum
440 1754 473 1817 in
503 1773 611 1835 regno
639 1753 777 1817 ferenda
803 1762 868 1828 est,
887 1754 1072 1817 secundum
1096 1773 1197 1835 quam

46 1850 161 1913 dein
184 1858 220 1912 et
243 1869 305 1912 rex
332 1858 367 1912 et
394 1848 519 1912 subditi
542 1849 677 1912 vivent:
708 1869 770 1912 rex
794 1848 849 1930 qui
872 1848 1058 1911 secundum
1082 1848 1197 1930 legem

49 1940 191 2007 latam
214 1944 308 2018 vivit,
329 1953 364 2007 et
387 1944 421 2006 in
444 1963 486 2006 eo
508 1944 681 2025 praecedit
709 1942 854 2006 subditis
878 1940 1050 2024 exemplo,
1072 1943 1100 2004 is
1119 1962 1198 2007 vere

47 2055 143 2102 rex
162 2046 227 2100 est.

142 2148 244 2217 324.
274 2133 353 2198 Rex
372 2135 424 2198 cui
441 2134 600 2198 absoluta
618 2145 784 2217 potestas,
805 2134 861 2217 qui
879 2134 986 2198 credit
1006 2134 1096 2216 quod
1118 2133 1198 2198 sub·

49 2229 144 2294 diti
164 2226 235 2310 ejus
254 2228 343 2292 tales
362 2229 448 2292 servi
467 2229 535 2292 sint
554 2240 591 2293 ut
606 2228 660 2310 jus
678 2229 804 2294 habeat
824 2229 858 2293 in
877 2247 993 2292 eorum
1011 2228 1197 2310 possessio·

53 2341 142 2388 nes
161 2332 198 2386 et
216 2323 315 2398 vitas,
335 2333 370 2386 et
389 2324 416 2385 si
436 2324 468 2386 id
488 2334 640 2398 exercet,
658 2343 726 2387 non
745 2343 807 2387 rex
826 2332 879 2387 est
896 2322 955 2386 sed
975 2332 1150 2404 tyrannus.

142 2437 242 2507 325·
276 2421 364 2505 Regi
383 2425 446 2486 erit
466 2423 661 2487 obedientia
679 2424 865 2487 secundum
888 2422 984 2506 leges
1007 2423 1114 2505 regni,
1135 2441 1197 2487 nec

59 2514 180 2582 fastis
203 2526 238 2580 et
262 2515 360 2580 dietis
384 2516 453 2580 ullo
476 2518 580 2581 modo
601 2516 809 2594 laedendus;
840 2517 919 2580 inde
948 2517 1039 2580 enim
1071 2516 1198 2598 pendet

65 2611 248 2678 securitas
266 2610 411 2693 publica.
