2776 5040
321 430 372 483 aa
393 432 479 500 aJus
501 433 699 488 noenum
720 434 994 488 caucason-u.
1014 435 1082 503 ¹4³·
1216 418 1260 502 89

670 900 736 986 [a]

544 1111 617 1187 DE
652 1111 857 1187 LIBERO.

145 1476 397 1804 ¹⁴Cym
421 1529 561 1595 liberum
585 1539 638 1594 est
661 1530 798 1605 amoris,
818 1548 897 1594 nam
919 1529 1010 1613 quod
1036 1529 1142 1594 homo
1163 1538 1258 1594 amat

320 1624 385 1688 hoc
410 1624 514 1689 libere
532 1624 635 1702 iacit;
666 1625 744 1688 inde
762 1644 896 1706 quoque
918 1643 1019 1688 omne
1039 1623 1180 1687 liberum
1204 1632 1259 1687 est

320 1718 521 1793 voluntatis,
549 1737 627 1781 nam
657 1718 748 1800 quod
778 1717 882 1781 homo
908 1727 1002 1782 amat
1032 1717 1096 1781 hoc
1123 1737 1258 1800 quoque

323 1813 419 1889 vult;
441 1822 477 1876 et
496 1813 573 1894 quia
589 1830 685 1876 amor
697 1821 732 1877 et
751 1811 912 1875 voluntas
929 1811 1057 1876 iaciunt
1068 1812 1175 1876 vitam
1194 1811 1259 1876 ho·

143 1905 255 1980 minis,
271 1906 376 1970 etiam
395 1905 536 1969 liberum
558 1905 639 1969 iacit
657 1905 761 1968 illam.
805 1904 862 1968 Ex
886 1905 938 1969 his
961 1914 1118 1970 constare
1141 1914 1260 1988 potest

146 1999 225 2083 quid
245 1999 397 2075 liberum,
414 1999 506 2083 quod
522 2019 644 2082 nempe
660 2001 704 2062 sit
723 1999 756 2063 id
772 2000 863 2081 quod
878 2009 931 2065 est
946 2001 1070 2063 amoris
1085 2009 1122 2063 et
1137 1998 1259 2063 volun·

146 2095 229 2158 tatis
247 2104 283 2158 et
301 2093 380 2157 inde
399 2094 491 2158 vitae
512 2093 668 2158 hominis.
713 2093 798 2157 Inde
816 2104 869 2157 est
887 2095 979 2176 quod
996 2093 1030 2156 id
1045 2093 1135 2176 quod
1154 2092 1263 2157 homo

147 2207 192 2252 ex
211 2186 318 2252 libero
335 2187 427 2262 iacit,
446 2197 609 2270 appareat
628 2188 659 2252 ei
677 2189 764 2251 sicut
783 2208 828 2252 ex
848 2209 910 2251 suo
928 2188 1073 2270 proprio.

202 2296 296 2367 ῳ.
324 2283 454 2348 Facere
472 2304 517 2347 ex
536 2283 644 2347 libero
662 2283 790 2347 maium
808 2293 953 2365 apparet
970 2293 1008 2346 ut
1026 2282 1181 2358 liberum,
1197 2283 1259 2347 sed

144 2385 196 2439 est
215 2395 361 2450 servum,
378 2376 456 2459 quia
474 2376 507 2439 id
526 2375 667 2439 liberum
686 2385 738 2439 est
758 2395 803 2439 ex
822 2395 937 2440 amore
956 2376 1006 2439 sui
1025 2386 1125 2440 etex
1144 2394 1260 2439 amore

145 2469 272 2542 mundi,
288 2478 324 2534 et
346 2469 381 2534 hi
403 2488 537 2533 amores
560 2479 639 2534 sunt
662 2490 706 2533 ex
729 2469 877 2533 inferno:
902 2468 973 2533 tale
995 2468 1137 2532 liberum
1155 2469 1260 2533 etiam

146 2563 289 2627 vertitur
303 2560 483 2627 annaliter
497 2563 531 2626 in
549 2581 682 2628 servum
701 2573 780 2646 post
799 2572 966 2641 mortem;
989 2582 1069 2628 nam
1084 2561 1189 2625 homo
1207 2561 1260 2625 cui

146 2656 215 2720 tale
231 2655 373 2721 liberum
387 2656 460 2732 fuit,
474 2655 512 2721 fit
527 2668 609 2721 tunc
626 2659 660 2720 in
675 2657 805 2720 inferno
821 2656 896 2720 vilis
911 2676 1038 2720 servus.
1083 2654 1135 2719 At
1150 2655 1260 2719 iacere

148 2769 191 2813 ex
211 2749 318 2814 libero
335 2750 461 2814 bonum
480 2761 534 2815 est
553 2751 660 2833 ipsum
680 2750 832 2825 liberum,
852 2751 930 2832 quia
951 2759 1005 2814 est
1027 2770 1072 2814 ex
1091 2769 1207 2812 amore
1225 2749 1259 2811 in

147 2842 331 2908 Dominum
349 2853 385 2908 et
404 2865 449 2908 ex
467 2864 582 2909 amore
601 2864 683 2926 erga
698 2845 902 2926 proximum,
919 2854 956 2908 et
973 2843 1008 2907 hi
1026 2861 1160 2907 amores
1179 2851 1260 2905 sunt

146 2957 189 3002 ex
210 2938 318 3002 caelo.
364 2937 440 3002 Hoc
464 2937 605 3002 liberum
624 2939 728 3002 etiam
752 2948 868 3002 manet
887 2947 966 3020 post
989 2947 1147 3012 mortem,
1166 2946 1203 3000 et
1221 2935 1260 3000 fit

147 3039 225 3097 tunc
241 3052 322 3096 vere
340 3031 502 3109 liberum3
526 3051 604 3095 nam
623 3031 728 3095 homo
750 3033 803 3095 cui
824 3031 895 3095 tale
913 3031 1055 3096 liberum
1073 3031 1145 3107 suit,
1164 3029 1203 3094 fit
1225 3031 1260 3094 in

147 3127 241 3190 caelo
259 3127 347 3191 sicut
365 3125 452 3189 filius
470 3127 600 3190 domus.
647 3124 724 3189 Hoc
743 3127 792 3189 ita
810 3126 977 3189 Dominus
993 3124 1107 3201 docet,

193 3257 313 3309 “Omnis
325 3257 427 3308 wenc
441 3267 587 3322 peccatum,
601 3272 696 3308 cervus
712 3268 755 3308 est
772 3260 882 3321 peccati.
916 3259 1027 3309 Sonus.
1037 3273 1105 3310 cnon
1122 3268 1214 3309 manet
1232 3259 1260 3309 in

275 3324 400 3373 domolo
415 3334 589 3387 perpetuum
611 3324 680 3372 filius
695 3334 785 3373 manet
802 3325 829 3372 in
849 3334 1013 3388 perpetuum.
1047 3323 1193 3375 suffitum
1209 3339 1261 3375 vos

275 3389 374 3438 liberos
386 3388 485 3446 iecerit,
498 3403 560 3438 vere
575 3389 650 3438 liberi
662 3389 737 3438 eritis
746 3387 760 3408 ’¹
772 3389 846 3454 (Joh.
858 3389 913 3439 viii.
926 3389 1023 3452 34-36).

149 3518 244 3584 Nunc
260 3521 338 3603 quia
356 3538 458 3584 omne
476 3521 603 3583 bonum
620 3530 674 3584 est
693 3540 713 3583 a
729 3520 889 3594 Domino,
906 3530 942 3586 et
958 3539 1059 3585 omne
1075 3521 1201 3584 malum
1217 3521 1262 3586 ab

149 3613 287 3686 inferno,
304 3615 454 3696 sequitur
472 3614 563 3696 quod
587 3613 728 3677 liberum
747 3615 791 3676 sit
810 3613 887 3678 duci
908 3634 930 3678 a
952 3614 1112 3691 Domino,
1131 3634 1171 3679 ac
1190 3634 1261 3679 ser·

149 3728 224 3773 vum
240 3708 319 3772 duci
334 3709 378 3771 ab
396 3707 536 3772 inferno.

203 3817 303 3886 143·
333 3801 436 3885 Quod
464 3802 594 3866 homini
622 3804 667 3866 sit
695 3802 840 3867 liberum
867 3803 1045 3886 cogitandi
1073 3803 1201 3867 malum
1224 3813 1261 3868 et

149 3893 277 3969 falsum,
290 3904 326 3958 et
341 3914 474 3977 quoque
486 3894 642 3968 faciendi,
656 3903 820 3976 quantum
836 3915 903 3958 non
917 3895 1012 3977 leges
1024 3894 1192 3969 detinent,
1207 3905 1261 3965 est

147 3989 186 4054 ob
201 4008 343 4055 causam
360 3997 397 4051 ut
413 3989 521 4070 possit
540 3987 732 4065 reformari;
755 3988 846 4052 bona
861 3989 951 4052 enim
967 3999 1002 4052 et
1019 4009 1100 4054 vera
1114 3988 1262 4072 implan-

145 4084 250 4149 tanda
273 4092 354 4147 sunt
372 4081 442 4164 ejus
461 4083 568 4145 amori
585 4092 621 4146 et
639 4080 822 4156 voluntati,
839 4092 877 4146 ut
895 4081 979 4146 fiant
997 4084 1088 4148 vitae
1107 4082 1198 4165 ejus;
1225 4092 1262 4147 et

139 4169 205 4243 hoc
227 4175 299 4243 fieri
319 4176 436 4258 nequit
452 4176 515 4239 nisi
531 4177 561 4240 ei
580 4175 722 4239 liberum
739 4175 783 4238 sit
802 4184 874 4238 tam
890 4177 1066 4258 cogitandi
1082 4175 1209 4240 malum
1225 4187 1261 4241 et

135 4262 264 4337 falsum
284 4288 387 4353 quam
404 4270 531 4333 bonum
550 4279 586 4333 et
604 4287 740 4332 verum:
768 4269 834 4333 hoc
856 4269 997 4333 liberum
1017 4270 1179 4335 unicuivis
1197 4270 1262 4334 ho·

130 4368 221 4433 mini
244 4386 267 4431 a
290 4363 441 4429 Domino
464 4363 584 4442 datur;
608 4373 645 4427 et
667 4383 744 4428 cum
766 4364 900 4447 cogitat
923 4364 1050 4428 bonum
1073 4374 1109 4429 et
1131 4382 1260 4440 verum,
