2776 5040
135 467 174 533 54
602 463 774 515 conoms.

132 634 187 716 qui
215 634 356 696 credunt
383 633 416 696 in
444 633 558 715 ipsum
585 643 622 696 ut
650 631 845 707 Hominem,
869 642 904 695 et
932 632 1061 697 faciunt
1088 634 1235 697 mandata

135 728 253 809 Ipsius,
278 728 527 809 compendiaria
550 728 604 790 via
633 728 797 789 ducerent
823 727 865 789 ad
895 727 1042 802 caelum,
1074 727 1236 791 habitacu-

134 822 202 884 lum
231 821 427 885 Divinitatis
450 841 539 885 suae.
590 819 658 884 Sed
684 821 761 904 quia
788 819 941 903 Antiqua
968 823 1054 885 haec
1083 821 1236 896 Ecclesia,

133 916 248 996 typica
263 925 436 988 venturae,
457 915 774 996 correspondentias
786 918 1097 996 repraesentativas
1110 937 1238 982 conver·

132 1017 245 1071 terunt
269 1010 301 1070 in
326 1010 461 1089 magica
484 1018 519 1072 et
542 1007 765 1082 idololatrica,
783 1020 817 1071 et
836 1009 883 1071 sic
902 1010 936 1070 in
953 998 1141 1086 infernalia,
1158 1013 1240 1075 exci-

134 1103 220 1165 tavit
242 1102 395 1183 Jehovah
417 1102 607 1165 Ecclesiam
632 1102 853 1165 Israeliticam
876 1102 909 1164 in
933 1100 1025 1184 qua¹¹¹
1044 1115 1241 1170 restauraret

136 1206 238 1278 typos
258 1197 454 1278 primitivos,
474 1197 529 1278 qui
548 1196 714 1259 caelestes
737 1196 889 1273 suerunt;
914 1196 1002 1259 tales
1022 1201 1098 1280 typi
1121 1199 1242 1263 luerunt

136 1290 250 1352 omnia
283 1289 512 1362 tabernacula,
543 1289 640 1362 sesta,
672 1288 843 1363 sacrificia,
875 1291 1080 1366 sacerdotia,
1113 1291 1244 1357 amictus

134 1382 306 1446 Aharonis
328 1393 363 1446 et
386 1382 528 1446 filiorum
551 1383 631 1464 ejuS,
651 1381 837 1458 unctiones,
857 1394 993 1466 praeter
1011 1396 1147 1450 statuta
1169 1408 1244 1471 quae

134 1477 239 1559 longa
257 1479 341 1540 serie
360 1498 419 1559 per
438 1477 558 1540 Mosen
577 1475 688 1540 edicta
706 1488 794 1540 sunt.

196 1589 267 1655 43.
299 1570 479 1652 Quomodo
492 1571 647 1634 Ecclesia
658 1573 946 1654 repraesentativa
958 1574 1049 1654 apud
1066 1575 1146 1638 illos
1157 1596 1246 1639 versa

134 1665 195 1729 suit
225 1667 258 1728 in
286 1665 544 1739 idololatricam,
569 1667 683 1746 paucis
710 1678 850 1746 tangam
862 1664 1041 1730 :-Omnia
1068 1670 1247 1751 spiritualia

135 1781 220 1843 quae
248 1759 332 1822 caeli
359 1769 394 1822 et
426 1758 601 1822 Ecclesiae
631 1769 720 1833 sunt,
749 1779 863 1822 coram
890 1759 955 1822 illis
982 1763 1195 1827 sistebantur
1217 1765 1246 1826 in

134 1854 248 1917 formis
270 1854 453 1916 visibilibus
476 1863 511 1916 et
534 1850 715 1929 tactilibus,
740 1863 776 1916 ut
799 1874 881 1916 mox
905 1875 1005 1936 supra
1028 1855 1158 1921 dictum
1181 1869 1247 1937 est;

134 1948 260 2011 formae
273 1948 350 2010 illae
363 1948 563 2028 desumptae
575 1946 706 2010 suerunt
723 1966 768 2010 ex
784 1946 941 2028 subjediis
955 1949 1058 2012 trium
1071 1972 1247 2032 regnorum

135 2041 298 2115 Naturae,
307 2042 471 2114 animalis
483 2040 694 2122 vegetabilis,
707 2051 741 2104 et
755 2042 933 2115 mineralis,
946 2063 1006 2124 per
1018 2064 1107 2125 quae
1120 2067 1247 2128 reprae-

136 2136 360 2200 sentabantur
382 2135 463 2198 talia
490 2155 576 2217 quae
598 2136 692 2216 regni
715 2135 873 2199 caelestis
895 2146 984 2199 sunt.
1032 2137 1108 2201 Has
1130 2140 1248 2203 formas

135 2231 268 2311 typicas
290 2239 473 2311 posuerunt
495 2231 529 2291 in
553 2230 619 2291 suis
643 2226 849 2303 sandtuariis,
873 2232 907 2291 in
930 2230 1095 2295 domuum
1119 2254 1246 2297 suarum

135 2323 374 2406 penetralibus,
394 2324 493 2404 inque
511 2322 589 2385 soris
608 2332 643 2385 et
662 2324 803 2405 plateis;
827 2333 862 2386 et
881 2324 1087 2390 ordinabant
1104 2327 1181 2391 illas
1198 2349 1247 2391 se·

135 2419 282 2481 cundum
301 2416 574 2498 significationes.
620 2416 671 2479 At
694 2427 830 2498 postera
853 2428 959 2490 aetas,
981 2429 1165 2502 postquam
1187 2422 1247 2484 sci·

135 2513 227 2575 entia
258 2512 630 2592 correspondentiarum
662 2511 843 2574 obliterata
875 2522 938 2584 est,
972 2524 1007 2575 et
1042 2515 1121 2577 inde
1155 2517 1247 2597 periit

135 2607 286 2686 cognitio
306 2603 559 2686 significationis
578 2604 720 2678 illarum,
738 2607 849 2686 coepit
869 2606 989 2668 intueri
1009 2616 1045 2669 et
1065 2629 1246 2689 agnoscere

136 2700 192 2762 illa
213 2697 343 2778 objecta
363 2709 399 2760 ut
423 2699 566 2760 totidem
588 2698 673 2759 Diva
693 2708 727 2760 et
747 2697 890 2775 Sancta;
925 2710 959 2761 et
984 2710 1065 2763 tunc
1086 2703 1130 2764 ad
1150 2723 1245 2784 quae-

135 2795 213 2855 dam
233 2791 413 2855 fledlebant
433 2811 554 2871 genua,
574 2793 739 2872 quaedam
760 2791 910 2854 libabant
927 2793 1064 2868 osculis,
1084 2798 1245 2877 quaedam

136 2888 238 2950 etiarn
258 2887 471 2948 exornabant
491 2895 525 2947 et
549 2886 756 2948 decorabant
779 2888 961 2968 torquibus,
984 2891 1244 2967 myrothecidiis,

136 2992 170 3045 et
194 2981 410 3062 periscelidis,
430 2999 564 3061 prorsus
587 2980 673 3041 sicut
696 2980 840 3042 infantes
864 3001 939 3042 suas
962 3001 1081 3063 pupaS,
1106 2994 1142 3047 et
1166 2986 1245 3047 sicut

136 3077 257 3156 Papaei
277 3096 335 3136 sua
352 3075 548 3150 simulacra;
573 3074 676 3135 immo
695 3095 739 3136 ex
756 3076 953 3156 quibusdam
970 3077 1124 3141 lecerunt
1145 3079 1244 3142 Pena·

136 3179 199 3243 teS,
224 3190 268 3231 ex
296 3169 494 3250 quibusdam
518 3166 692 3229 Semideos
719 3169 891 3241 tutelares,
916 3180 950 3231 et
978 3191 1023 3232 ex
1051 3173 1244 3253 quibusdam

136 3263 330 3343 Pytlrones;
365 3262 530 3342 quaedam
558 3271 675 3346 autem.
702 3263 734 3323 in
763 3264 897 3324 minutis
924 3263 1038 3325 formis
1067 3267 1243 3346 portabant

136 3357 299 3429 manibus,
317 3356 482 3436 quaedam
499 3356 658 3417 fovebant
675 3357 820 3435 gremiis,
835 3355 1031 3436 palpabant,
1047 3379 1087 3421 ac
1104 3361 1243 3422 insusur-

135 3451 257 3512 rabant
276 3450 477 3530 petitiones;
505 3458 539 3509 et
563 3450 608 3509 sic
629 3469 737 3529 porro.
783 3450 836 3511 Ita
860 3459 961 3530 typos
980 3452 1150 3515 caelestes
1169 3473 1243 3516 con·

136 3554 309 3605 verterunt
339 3545 371 3603 in
399 3552 500 3622 typos
527 3542 715 3616 infernales,
739 3562 778 3605 ac
807 3543 928 3604 Divina
952 3544 1037 3606 caeli
1065 3556 1101 3608 et
1128 3547 1243 3610 Eccle-

136 3638 204 3698 siae
223 3639 255 3697 in
272 3637 371 3698 idola.
418 3636 557 3716 Propter
576 3637 662 3698 hanc
680 3635 1011 3716 transfigurationem
1028 3647 1063 3700 et
1083 3639 1242 3720 defigura-

136 3732 264 3793 tionem
295 3730 503 3803 caelestium,
536 3750 623 3792 nova
654 3729 808 3792 Ecclesia
838 3735 1130 3811 repraesentativa
1162 3733 1242 3815 apud

138 3824 242 3886 Filios
260 3824 391 3885 Israelis
411 3824 563 3885 excitata
582 3833 645 3896 est,
663 3825 696 3885 in
715 3821 806 3907 quaffl
825 3829 1158 3905 repraesentationes
1175 3849 1242 3891 rea-

138 3919 198 3991 les,
217 3928 364 3998 utsupra
381 3916 505 3980 dictum
526 3927 589 3991 est,
604 3919 779 3980 institutae
793 3928 888 3994 sunt;
913 3930 948 3981 et
968 3923 1020 3983 cui
1033 3920 1240 3985 interdictum

136 4021 248 4075 estne
267 4032 325 4094 per
343 4012 425 4073 alias
442 4011 570 4074 cultum
591 4011 747 4073 Divinum
767 4013 1012 4091 instaurarent;
1038 4026 1073 4078 ut
1091 4028 1185 4098 patet
1203 4037 1241 4079 es·

136 4107 186 4169 his
205 4108 238 4168 in
259 4106 369 4167 Primo
388 4106 574 4187 Praecepto
595 4105 777 4186 Decalogi:

187 4269 274 4320 “Non
287 4269 369 4317 iacies
387 4269 433 4317 tibi
450 4269 580 4329 sculptile,
600 4278 645 4317 aut
661 4269 742 4317 ullam
762 4269 880 4331 liguram,
895 4285 962 4333 quae
980 4271 1006 4319 in
1025 4272 1107 4322 caelis
1125 4273 1239 4335 desuper.

266 4346 292 4383 et
304 4350 370 4397 quae
383 4335 409 4382 in
423 4344 493 4382 terra
503 4334 579 4391 inira,
594 4344 620 4382 et
632 4349 699 4396 quae
718 4336 744 4382 in
756 4336 831 4398 aquis
844 4337 893 4384 sub
906 4347 984 4384 terra.
1022 4337 1083 4386 Non
1097 4339 1240 4388 incurvabis

266 4411 292 4450 te
305 4401 364 4458 illis,
379 4410 406 4448 et
416 4415 470 4447 non
483 4400 554 4448 coles
567 4397 619 4447 ea”
629 4400 721 4458 (Exod.
733 4415 776 4449 xx.
788 4413 811 4459 4,
825 4411 838 4460 5
849 4415 854 4457 ς
873 4401 965 4450 Deutr.
977 4417 1002 4451 v.
1016 4404 1039 4460 8,
1051 4403 1085 4465 9).
