2776 5040
549 460 600 512 DE
622 459 852 513 ceramum

670 786 731 851 XI.

140 973 253 1057 QUOD
276 989 361 1040 SINT
383 989 613 1041 DIVERSORIA
628 991 867 1055 CHARITATIS,
884 994 987 1058 QUAE
1006 995 1104 1048 SUNT
1118 993 1246 1047 munt

264 1087 543 1153 JUCUNDITATES
566 1089 614 1138 ET
636 1089 905 1142 AMOENITATES
927 1092 1100 1145 SENSUUM
1122 1092 1246 1145 CORPO-

266 1185 482 1250 RIS,UT1LES
505 1188 557 1236 ΑΙ)
581 1187 841 1240 RECREANDUM
864 1190 1031 1242 ANIMUM.

202 1377 299 1440 Talia
310 1388 387 1440 sunt
399 1379 685 1453 conversationes,
697 1390 732 1443 et
749 1389 829 1443 tunc
845 1381 1139 1447 confabulationes
1149 1384 1248 1448 deva·

138 1472 194 1535 riis
206 1472 315 1550 rebus,
326 1472 476 1553 publicis,
488 1473 637 1553 privatis,
651 1475 878 1537 oeconomicis
893 1497 900 1551 ;
917 1485 990 1538 tum
1000 1477 1250 1551 ambulationes,

138 1575 174 1629 et
190 1575 271 1629 tunc
284 1562 439 1646 aspedtus
452 1565 588 1646 jucundi
601 1587 646 1628 ex
662 1568 760 1630 variis
776 1567 1079 1648 pulchritudinibus
1095 1581 1131 1635 et
1146 1570 1251 1654 splen·

138 1660 273 1722 doribus
286 1659 487 1740 palatiorum
498 1671 533 1723 et
546 1661 717 1734 domuum,
729 1681 768 1724 ac
779 1662 935 1726 arborum
948 1674 983 1727 et
997 1663 1118 1727 florum
1133 1666 1167 1729 in
1181 1666 1251 1729 hor·

138 1754 182 1817 tis
192 1763 227 1817 et
239 1753 344 1835 sylvis
354 1764 388 1817 et
399 1755 538 1834 campis,
550 1763 621 1817 tum
634 1755 819 1830 hominum,
830 1756 1029 1830 volatilium,
1042 1769 1079 1821 et
1095 1778 1251 1842 gregum;

137 1856 172 1911 et
188 1867 321 1929 quoque
336 1843 529 1929 spet'tacula
544 1849 626 1911 varii
641 1850 776 1930 generis
791 1851 1083 1930 repraesentativa
1097 1853 1252 1917 virtutum

136 1941 324 2015 moralium,
342 1952 414 2005 tum
437 1951 620 2005 eventuum
643 1963 661 2005 e
684 1944 804 2025 quibus
827 1943 952 2026 aliquid
976 1944 1121 2010 Divinae
1145 1948 1252 2011 Provi-

135 2036 272 2100 dentiae
284 2034 406 2100 elucet.
452 2036 548 2099 Haec
565 2046 600 2101 et
616 2036 736 2101 similia
748 2048 825 2101 sunt
839 2058 900 2119 pro
912 2058 1012 2102 sensu
1024 2040 1127 2103 visus.
1171 2041 1251 2105 Tum

134 2130 331 2195 harmoniae
347 2131 490 2194 musices
506 2132 617 2194 variae
634 2141 669 2195 et
692 2141 823 2206 cantus,
840 2152 926 2214 quae
942 2131 1093 2198 afficiunt
1109 2135 1251 2199 animum

135 2225 321 2289 secundum
343 2225 662 2306 correspondentias
684 2245 761 2288 cum
784 2224 1039 2305 affectionibus3
1063 2236 1099 2293 et
1123 2239 1251 2311 praeter

135 2318 203 2395 illa,
213 2318 375 2401 jocularia
386 2321 520 2395 decora,
531 2340 616 2402 quae
633 2321 780 2383 animum
794 2320 949 2384 dilatant.
960 2320 1071 2389 ,Haec
1084 2341 1149 2404 pro
1158 2343 1250 2387 sensu

134 2414 279 2479 auditus.
324 2414 373 2479 Ut
396 2424 432 2479 et
450 2415 614 2489 convivia,
632 2414 751 2495 epulae
773 2425 809 2478 et
832 2416 1072 2490 comestiones,
1089 2436 1130 2481 ac
1146 2419 1250 2481 variae

134 2507 324 2572 hilaritates
354 2519 457 2585 tunc;
495 2519 530 2572 et
561 2519 737 2590 praeterea
767 2508 891 2573 lusoria
920 2509 1023 2584 domi,
1055 2530 1144 2592 quae
1174 2511 1250 2575 hunt

135 2623 211 2666 cum
223 2603 309 2676 talis,
322 2603 477 2684 globulis,
490 2604 615 2667 chartis
628 2625 635 2680 3
655 2613 689 2666 et
702 2624 835 2685 quoque
847 2605 879 2666 in
893 2605 1017 2685 nuptiis
1030 2614 1066 2667 et
1083 2606 1116 2667 in
1129 2604 1249 2669 festivis

134 2699 358 2761 conventibus
382 2697 592 2761 saltationes.
649 2697 745 2760 Haec
769 2708 804 2760 et
827 2697 948 2760 similia
970 2708 1049 2761 sunt
1074 2699 1250 2763 diversoria

134 2791 229 2855 utilia
244 2794 286 2855 ad
303 2793 522 2856 recreandum
538 2793 668 2855 animos
683 2814 692 2869 ;
714 2802 749 2855 et
766 2802 941 2873 praeterea
957 2793 1048 2854 varia
1065 2812 1171 2874 opera
1186 2813 1248 2856 ma·

135 2905 247 2961 nuum,
259 2908 344 2969 quae
357 2896 496 2950 movent
510 2906 640 2966 corpus,
652 2897 686 2949 et
700 2887 872 2949 divertunt
885 2886 1033 2948 animum
1043 2886 1088 2949 ab
1100 2888 1249 2968 operibus

134 2978 312 3045 fundtionis
328 3002 428 3056 suae;
452 2990 523 3044 tum
537 2983 640 3043 etiam
657 2979 819 3044 lediiones
835 2981 868 3042 in
885 2980 986 3053 libris,
1000 2981 1034 3042 in
1050 2981 1173 3062 quibus
1188 2982 1249 3044 his·

134 3076 241 3139 torica
253 3086 287 3139 et
299 3077 494 3157 dogmatica
507 3095 591 3156 quae
605 3072 777 3139 deledtant
791 3096 798 3152 ;
822 3086 894 3138 tum
911 3093 999 3136 nova
1014 3075 1049 3136 in
1066 3075 1219 3138 novellis.

199 3179 295 3243 Haec
311 3190 389 3243 sunt
412 3180 595 3242 diversoria
611 3178 754 3259 cujusvis
771 3179 825 3261 qui
841 3180 875 3241 in
891 3176 1002 3241 officio
1019 3188 1078 3240 aut
1095 3196 1248 3251 munere;

134 3274 212 3337 inde
229 3285 369 3354 possunt
386 3275 498 3335 vocari
515 3273 698 3335 diversoria
708 3272 893 3336 officiorum
909 3292 968 3334 seu
980 3290 1181 3350 munerum3
1197 3268 1249 3335 sed

134 3365 311 3432 adtualiter
327 3377 403 3429 sunt
420 3367 603 3429 diversoria
615 3363 838 3440 afiediionum,
852 3387 870 3429 e
886 3366 1004 3447 quibus
1020 3366 1164 3448 quisque
1179 3366 1248 3430 lacit

134 3481 230 3523 suum
247 3481 388 3536 munus;
412 3458 544 3524 affedtio
559 3469 612 3523 est
636 3462 668 3522 in
691 3462 782 3523 omni
805 3479 952 3533 munere,
969 3470 1005 3522 et
1028 3458 1089 3522 illa
1111 3460 1249 3523 intendit

134 3555 292 3629 animum,
309 3566 405 3618 tenet
422 3566 572 3617 mentem
593 3555 760 3617 intentam
784 3555 817 3616 in
841 3573 941 3634 opere
957 3573 1016 3615 seu
1029 3554 1156 3628 studio,
1173 3572 1249 3636 quae

135 3650 197 3712 nisi
213 3648 394 3719 relaxatur,
408 3647 445 3711 fit
462 3648 575 3721 hebes,
590 3658 624 3710 et
641 3647 711 3728 ejus
727 3648 928 3710 desiderium
944 3645 1150 3725 infatuatur;
1172 3649 1249 3711 sicut

134 3744 183 3807 sal
206 3743 286 3805 dum
309 3742 511 3804 salsedinem
534 3761 628 3803 suam
652 3743 788 3815 amittit,
806 3742 893 3804 unde
917 3760 985 3803 non
1007 3741 1178 3805 excitatio
1200 3760 1250 3804 seu

134 3837 310 3913 stimulus;
342 3848 376 3899 et
401 3847 453 3899 est
478 3837 564 3898 sicut
589 3855 685 3898 arcus
710 3836 872 3910 intentus,
894 3836 949 3917 qui
974 3836 1036 3897 nisi
1060 3837 1249 3904 remittitur,

134 3933 261 3994 amittit
274 3933 341 3993 vim
357 3950 457 4013 quam
474 3929 577 3992 trahit
594 3950 638 3991 ex
652 3929 856 3992 elasticitate
872 3949 951 4005 sua;
975 3930 1102 4010 pariter
1119 3932 1147 3992 si
1164 3945 1251 3992 mens

135 4027 167 4088 in
184 4024 344 4087 similibus
361 4025 442 4087 ideis
459 4024 584 4105 absque
600 4024 819 4086 varietatibus
843 4024 898 4085 diu
920 4032 1057 4085 tenetur
1073 4043 1080 4099 ;
1095 4025 1193 4105 ,sicut
1208 4023 1250 4085 vi-

135 4141 190 4182 sus
203 4117 291 4181 oculi
303 4119 382 4180 dum
399 4118 500 4180 modo
512 4137 613 4179 unum
624 4114 809 4197 subjeftum
822 4127 879 4179 aut
896 4136 979 4179 unus
990 4119 1084 4179 color
1097 4119 1251 4179 continue

134 4211 306 4294 spedtatur
321 4233 328 4287 ;
346 4213 430 4292 perit
448 4213 537 4274 enim
560 4213 586 4274 si
610 4213 768 4273 continue
785 4211 927 4291 nigrum,
944 4219 1002 4271 aut
1018 4211 1182 4273 continue
1203 4229 1250 4272 ru·

135 4307 242 4379 brum,
260 4317 317 4369 aut
334 4308 492 4369 continue
509 4304 621 4367 album
637 4327 643 4382 ;
668 4316 705 4368 ut
727 4305 755 4366 si
778 4304 937 4367 continue
961 4304 1020 4364 nix
1044 4305 1132 4384 perit
1149 4305 1249 4374 visus;

136 4409 172 4464 at
188 4399 374 4463 vivificatur
397 4401 425 4462 si
443 4396 664 4462 [¹¹successive
680 4407 738 4462 aut
754 4396 851 4460 simul
870 4417 914 4460 ex
934 4395 1093 4478 pluribus.
1139 4396 1248 4462 Omnis
