2776 5040
324 482 530 534 ECCLESIAE
554 485 819 537 ISRAELITICAE
844 488 1054 539 ORTUS.-N.
1070 493 1120 555 47.
1220 492 1258 557 57

519 1049 658 1099 annnam
686 1051 876 1113 ornarant.

157 1275 234 1351 DE
260 1275 515 1351 ECCLESIA
544 1277 879 1353 ISRAELlTlCA
908 1281 974 1354 ET
996 1282 1239 1379 JUDAICA.

568 1532 822 1545 ἡ

200 1717 275 1797 46.
305 1715 356 1780 Ut
375 1725 485 1779 status
501 1714 596 1797 hujus
613 1714 790 1780 Ecclesiae
806 1717 1026 1799 perrimemur
1040 1727 1076 1781 et
1094 1715 1255 1784 distinete

131 1809 370 1885 exhibeamus,
391 1810 533 1873 interest
552 1820 589 1873 ut
606 1810 684 1873 illos
701 1811 735 1873 in
754 1812 818 1874 hoc
839 1812 955 1874 ordine
974 1810 1154 1876 lustremus
1165 1834 1217 1876 :-

359 1969 400 2037 (ι’.)
425 1969 921 2048 tlaorlprimrrsstataslrajasEcclesiae
929 1971 1146 2038 tuerittpparitio
1156 1972 1258 2025 Domini

468 2036 751 2155 mamzalocatro
762 2040 791 2089 et
802 2035 1002 2097 contaederctio.
1015 2043 1044 2090 et
1059 2043 1120 2091 tanc
1136 2039 1194 2106 ejas
1207 2039 1254 2090 Or·

348 2196 399 2267 (it.)
424 2197 496 2254 tlaod
505 2197 636 2250 secandas
647 2172 735 2251 sta'trrs
746 2198 824 2265 lajas
835 2199 966 2251 Ecclesiae
979 2199 1059 2252 tuerit
1069 2200 1213 2259 lnstractio,
1223 2217 1256 2254 ac

468 2265 569 2316 demam
582 2262 742 2317 intromissio
758 2265 784 2317 in
799 2265 902 2317 Terram
916 2265 1067 2326 canaanem.
1081 2273 1109 2320 et
1125 2274 1186 2321 tanc
1197 2269 1255 2335 ejus

468 2331 620 2398 Propressio
631 2330 657 2382 in
669 2333 751 2382 lacem
763 2346 795 2382 ac
807 2331 875 2384 Dies.
1112 2357 1116 2365 ·

339 2426 400 2495 (iii.)
425 2426 497 2483 tlaorl
513 2426 606 2478 tertias
617 2431 704 2479 statas
715 2427 793 2493 lajas
805 2427 936 2480 Ecclesiae
948 2428 1029 2481 tuerit
1038 2428 1180 2483 Deciatioa
1195 2445 1256 2483 raro

471 2493 545 2545 Culta
561 2493 786 2560 repraesentativa
807 2494 833 2546 in
853 2493 1049 2553 idololatricam.
1070 2499 1099 2548 et
1117 2501 1177 2549 tanc
1198 2498 1255 2565 ejus

471 2559 584 2612 laetatio
596 2574 645 2612 sea
659 2558 777 2627 lespera.

339 2656 398 2725 (ir.)
423 2656 496 2713 duod
516 2661 626 2723 quartus
648 2660 736 2709 statas
755 2656 833 2723 lajas
853 2656 984 2710 Ecclesiae
1008 2658 1088 2709 luerit
1107 2658 1255 2712 l’rotanatio

468 2723 645 2780 Sanctitatrrm.
659 2726 687 2775 et
697 2726 758 2774 tanc
769 2723 827 2789 ejas
840 2722 1030 2795 consummatio
1041 2739 1090 2776 sea
1102 2725 1163 2776 lton.

348 2817 397 2885 (r.)
422 2818 494 2875 tlaot
503 2822 563 2870 ante
580 2818 647 2869 lunc
659 2823 756 2870 statam
772 2821 800 2870 et
813 2823 876 2885 poet
890 2818 968 2878 illam,
983 2822 1053 2872 tacta
1065 2820 1102 2871 sit
1114 2820 1254 2887 promissio

467 2884 597 2937 titrentao
614 2884 714 2935 Domini
731 2885 839 2936 telonii
859 2885 885 2937 in
903 2885 1032 2943 munitam,
1053 2886 1107 2952 [et]
1131 2887 1163 2939 de
1183 2887 1255 2940 tlara

467 2950 581 3003 Ecclesia
592 2950 619 3002 in
630 2966 681 3017 pua
692 2955 834 3017 repnatara
845 2956 908 3003 sant
912 2953 1017 3019 justitia
1030 2956 1057 3003 et
1062 2952 1196 3019 panieron.

341 3046 399 3115 (ri.)
424 3046 497 3103 duait
511 3045 615 3113 palntes
627 3049 714 3098 statas
730 3046 808 3112 lajas
820 3046 951 3099 Ecclesiae
969 3047 1048 3098 luerit
1059 3047 1192 3114 Separatio
1208 3049 1253 3101 lo-

467 3128 557 3165 noram
569 3127 585 3164 a
601 3113 683 3169 malis.
696 3116 724 3163 et
741 3117 801 3164 tanc
811 3113 940 3165 triticiam
952 3128 1032 3180 saper
1044 3129 1089 3166 eos
1100 3114 1146 3181 pai
1159 3115 1192 3167 ab
1209 3115 1254 3167 illa

469 3182 589 3236 taerant:
606 3180 656 3231 sed
665 3178 713 3231 troc
724 3178 750 3230 in
762 3178 880 3231 monnau
892 3179 1030 3246 spirituali.

335 3271 403 3343 (rii.)
428 3272 528 3340 tlipar'rt
537 3273 569 3324 rte
582 3272 659 3325 Caelo
671 3276 699 3325 et
709 3273 811 3327 lnterno
822 3288 854 3326 er
865 3274 910 3325 illa
919 3278 1005 3341 pente.

195 3497 265 3567 47.
294 3482 339 3562 (i.)
363 3482 448 3552 (laod
462 3481 579 3563 primas
590 3485 693 3544 statas
713 3481 801 3563 lajas
814 3481 975 3545 Ecclesiae
997 3482 1093 3545 tuerit
1103 3483 1254 3565 Apparr'tr'a

134 3573 254 3637 tiomini
270 3571 403 3646 letorii,
421 3592 461 3635 ac
478 3571 598 3635 locatio
619 3577 653 3634 et
671 3571 912 3644 tonteeteratia,
928 3577 962 3634 et
980 3577 1052 3635 tanc
1072 3573 1139 3653 ejas
1161 3573 1254 3638 Ortus

132 3685 193 3730 sea
207 3661 447 3746 lane—Quod
466 3665 499 3726 in
515 3665 678 3746 principio
694 3663 836 3745 cujusvis
853 3663 1029 3727 Ecclesiae
1045 3686 1090 3727 ex
1109 3675 1254 3747 quatuor

133 3760 231 3843 hujus
250 3759 380 3824 telluris
397 3757 562 3821 Dominus
576 3757 719 3839 Jehovih
735 3759 935 3839 apparuerit,
953 3779 998 3821 ex
1014 3756 1131 3822 Verbo
1150 3759 1252 3824 doce-

135 3876 218 3919 mur.
264 3853 374 3918 Causa
390 3863 442 3917 est
458 3853 535 3936 quia
552 3852 644 3916 Deus
660 3864 712 3916 est
729 3850 840 3915 Omne
856 3854 889 3914 in
902 3854 1058 3917 omnibus
1075 3853 1253 3916 Ecclesiae

135 3960 172 4014 et
198 3947 268 4030 ejus
291 3946 482 4029 religionis;
517 3957 551 4010 et
575 3948 705 4028 agnitio
729 3946 793 4009 Dei
818 3946 863 4009 ibi
890 3956 943 4009 est
969 3947 1057 4009 sicut
1080 3948 1193 4011 anima
1219 3948 1252 4009 in

135 4063 288 4127 corpore,
308 4062 394 4125 quae
417 4051 488 4106 tam
508 4041 666 4104 interiora
685 4060 785 4122 quam
808 4041 979 4103 exteriora
997 4040 1067 4120 ejus
1085 4039 1252 4117 vivificat;

135 4148 172 4202 et
201 4146 255 4201 est
281 4138 369 4200 sicut
395 4134 582 4218 prolificum
607 4136 642 4198 in
668 4136 807 4208 semine,
836 4134 926 4216 quod
956 4136 1074 4198 intime
1100 4135 1133 4197 in
1160 4136 1252 4197 omni

136 4252 239 4296 succo
257 4252 317 4315 per
332 4231 480 4294 radicem
499 4251 519 4293 e
538 4239 628 4293 terra
643 4229 829 4292 exanclato
844 4231 993 4311 sequitur
1011 4250 1030 4291 a
1049 4230 1156 4310 primo
1175 4249 1252 4310 ger·

136 4328 225 4390 mine
238 4325 398 4408 usquead
413 4322 554 4388 fructum
568 4332 603 4386 et
619 4323 653 4385 in
669 4324 768 4397 hunc,
782 4341 821 4385 ac
836 4323 984 4404 disponit
998 4323 1253 4403 vegetationem

138 4430 173 4485 ut
191 4420 356 4503 procedat
374 4419 407 4482 in
426 4438 488 4481 suo
506 4418 632 4481 ordine.
678 4415 790 4497 Quare
809 4416 913 4480 homo
930 4416 1107 4480 Ecclesiae
1125 4417 1252 4500 absque
