2776 5040
137 434 182 515 46
412 447 589 500 cnuoruss
611 447 741 500 uovnn
763 447 979 500 recussus.

474 783 632 849 cneus
663 782 919 866 Qunnrun.

137 1014 250 1099 Quou
268 1030 362 1082 mus
380 1014 610 1100 [rnnnsunr]
631 1030 700 1081 run
721 1016 901 1081 Hounucs
920 1031 974 1081 nr>
995 1017 1184 1093 Honores,
1201 1028 1239 1082 ur

262 1124 304 1175 ru
327 1111 516 1176 Eccnusrn
534 1124 708 1207 rnrnnns
726 1125 796 1175 run
816 1110 1007 1176 cuunrcos
1025 1127 1081 1176 nr>
1102 1111 1238 1177 Lrucos.

203 1328 228 1375 1.
260 1309 361 1394 Quod
381 1331 482 1375 nemo
498 1312 606 1394 possit
621 1312 775 1394 accipere
794 1309 955 1394 Spiritum
972 1309 1139 1377 Sanctum
1155 1312 1241 1375 nisia

347 1405 495 1469 Domino
509 1405 589 1487 Jesu
608 1403 754 1480 Christo,
769 1408 846 1489 quia
863 1405 926 1469 Ille
942 1426 961 1469 a
978 1406 1056 1470 Deo
1076 1407 1176 1470 Patre
1192 1426 1241 1489 per

346 1499 461 1582 Ipsum
475 1498 639 1581 procedit,
650 1495 713 1564 ¹¹¹et
726 1519 786 1583 per
796 1497 957 1581 Spiritum
974 1497 1141 1564 Sanctum
1153 1500 1242 1565 intel·

347 1594 462 1675 ligitur
480 1593 640 1656 Divinum
657 1593 856 1675 procedens.

198 1703 227 1752 2.
259 1686 360 1770 Quod
379 1706 480 1751 nemo
498 1688 606 1769 possit
626 1685 787 1770 Spiritum
808 1684 981 1762 Santtum,
999 1687 1066 1752 hoc
1086 1699 1142 1754 est
1160 1689 1243 1753 Divi·

347 1801 426 1845 num
443 1781 571 1845 Verum
588 1791 625 1846 et
641 1780 784 1856 Bonum,
799 1783 963 1864 accipere,
978 1783 1042 1845 nisi
1058 1785 1117 1865 qui
1137 1783 1243 1847 Domi·

345 1894 425 1938 num
444 1875 640 1939 immediate
658 1875 741 1950 adit,
761 1886 797 1939 et
816 1875 915 1939 simul
933 1877 968 1939 in
987 1875 1173 1941 diled'tione
1190 1885 1243 1941 est.

199 1985 227 2051 3.
258 1967 359 2052 Quod
378 1966 521 2051 Spiritus
537 1965 692 2044 Sanctus,
710 1968 775 2033 hoc
791 1979 856 2043 est,
875 1969 1036 2033 Divinum
1053 1972 1243 2053 procedens,

347 2081 518 2145 nunquam
537 2061 596 2126 liat
613 2061 779 2142 hominis;
802 2064 863 2126 sed
884 2063 975 2146 quod
991 2075 1195 2130 constanter
1207 2065 1244 2128 sit

347 2155 484 2219 Domini
502 2156 593 2239 apud
611 2155 717 2219 illum.

197 2267 228 2329 4.
260 2247 360 2332 Quod
380 2250 456 2314 ideo
475 2247 648 2325 Sentium,
669 2249 759 2333 quod
781 2250 985 2333 intelligitur
1007 2270 1069 2334 per
1091 2251 1244 2336 Spiritum

345 2341 518 2419 Sanctum,
538 2363 605 2407 non
629 2343 817 2419 inhaereat,
836 2355 872 2409 et
896 2345 987 2429 quod
1014 2366 1079 2411 nec
1104 2357 1243 2419 maneat.

346 2439 409 2501 nisi
427 2440 587 2522 quamdiu
604 2440 717 2513 homo,
735 2440 791 2522 qui
806 2439 888 2503 illud
905 2443 1051 2523 accepit,
1069 2462 1109 2506 ac
1130 2444 1163 2506 in
1183 2443 1244 2505 Do-

346 2533 473 2596 minum
487 2534 605 2609 credit,
617 2543 652 2597 et
665 2533 763 2596 simul
781 2535 812 2596 in
826 2532 980 2597 doitrina
992 2538 1064 2599 veri
1076 2557 1122 2600 ex
1137 2536 1245 2601 Verbo

346 2637 410 2701 est,
431 2638 466 2691 et
486 2629 519 2690 in
538 2629 609 2689 vita
628 2628 812 2690 secundum
832 2627 935 2691 illam.

196 2736 222 2803 5.
255 2718 355 2802 Quod
376 2720 548 2797 Samium,
565 2723 655 2806 quod
669 2722 873 2804 intelligitur
893 2744 951 2805 per
967 2722 1131 2807 Spiritum
1148 2724 1245 2790 Sanc·

346 2826 429 2890 tum,
451 2837 518 2879 non
536 2816 759 2880 transferatur
783 2817 827 2879 ab
851 2816 988 2880 homine
1012 2820 1045 2880 in
1066 2818 1243 2895 hominem,

346 2910 405 2972 sed
425 2931 444 2972 a
462 2909 610 2973 Domino
628 2931 688 2992 per
707 2909 879 2973 hominem
897 2912 929 2973 in
950 2911 1136 2976 hominem.

196 3002 227 3065 6.
258 3000 359 3084 Quod
394 3003 485 3066 Deus
513 3004 612 3069 Pater
642 3024 709 3067 non
740 3005 856 3068 mittat
884 3004 1045 3087 Spiritum
1078 3004 1243 3078 Sentium,

345 3097 410 3161 hoc
430 3108 483 3161 est
503 3098 664 3161 Divinum
682 3118 789 3172 suum,
805 3119 866 3181 per
886 3099 1070 3163 Dominum
1091 3103 1124 3164 in
1143 3100 1244 3165 horni-

345 3212 443 3270 nem;
475 3194 535 3255 sed
562 3194 653 3276 quod
682 3193 847 3255 Dominus
866 3195 987 3256 mittat
1012 3194 1108 3258 illum
1131 3217 1151 3259 a
1178 3195 1245 3258 Deo

347 3285 474 3351 Patre*

197 3392 227 3460 7.
255 3377 356 3461 Quod
370 3381 521 3456 clericus,
535 3382 613 3464 quia
628 3401 673 3445 ex
686 3381 803 3445 Verbo
819 3378 978 3444 dodlurus
990 3391 1044 3446 cst
1062 3380 1243 3447 doetrinam

344 3474 389 3537 de
413 3474 571 3550 Domino,
587 3476 701 3558 deque
731 3475 965 3557 redemptione
994 3487 1031 3539 et
1061 3477 1243 3540 salvatione

346 3569 390 3631 ab
409 3568 500 3651 Ipso,
512 3570 763 3651 inaugurandus
779 3571 823 3633 sit
840 3591 899 3653 ρετ
915 3572 1135 3652 sponsionem
1149 3570 1242 3653 Spiri-

348 3672 402 3725 tus
419 3660 544 3738 Sandli
559 3673 594 3726 et
611 3684 670 3746 per
685 3665 1036 3745 repraesentationem
1053 3664 1242 3729 translatio·

345 3757 397 3818 nis
416 3755 517 3837 Ejus;
542 3758 601 3821 sed
621 3759 710 3840 quod
728 3754 773 3819 ¹²¹a
792 3757 916 3821 clerico
934 3759 1117 3841 recipiatur
1132 3775 1241 3823 secun·

346 3851 426 3913 dum
443 3850 544 3914 fidem
563 3853 654 3915 vitae
670 3851 749 3932 ejus

198 3944 227 4006 8.
259 3940 362 4024 Quod
378 3943 547 4021 Divinum,
565 3946 656 4028 quod
671 3944 873 4027 intelligitur
889 3966 948 4029 per
964 3943 1128 4029 Spiritum
1145 3945 1241 4011 Sanc·

186 4192 202 4226 ⁸
222 4192 450 4252 [Annornmonrs
464 4203 482 4240 u
493 4203 630 4250 unrocus,
643 4196 813 4257 qnaefmasse
822 4196 862 4242 hic
868 4195 1242 4258 pertineam-Memphim

133 4261 237 4308 Sanetus
246 4262 277 4307 sit
287 4261 375 4307 Divina
385 4262 492 4320 operatio
503 4268 527 4308 et
536 4263 610 4310 virtus
620 4266 753 4323 procedens
763 4278 778 4310 a
788 4263 843 4310 Deo
853 4278 910 4312 uno.

193 4329 268 4386 Quod
277 4330 393 4388 procedat
403 4342 433 4375 ex
444 4329 552 4376 Domino
563 4337 587 4377 et
597 4345 613 4377 ι
623 4331 678 4378 Deo
689 4332 765 4379 Patre.

192 4396 948 4456 QuodprooedatexDom'noaDeoPatreetuonvicissin.
