2776 5040
538 470 590 522 DE
612 470 716 522 Nova
739 469 1017 523 fflunosomta

712 899 821 985 [vm]

600 1151 672 1226 DE
707 1151 939 1226 PIETATE

216 1517 290 1572 ¹²³·

349 1580 567 1648 REDITUR
588 1604 609 1646 a
632 1583 748 1648 multis
771 1583 862 1667 quod
880 1583 952 1646 vita
970 1581 1165 1665 spiritualis,
1186 1580 1334 1649 seuvita

221 1576 343 1851 C
376 1697 461 1758 quae
472 1677 564 1741 ducit
577 1678 620 1740 ad
633 1678 776 1752 caelum,
788 1678 955 1741 consistat
967 1677 1000 1741 in
1013 1678 1155 1759 pietate,
1167 1678 1202 1739 in
1214 1672 1333 1740 sancto

376 1782 533 1845 externo,
550 1780 585 1834 et
605 1772 638 1834 in
656 1772 874 1834 abdicatione
891 1772 1026 1848 mundi;
1050 1771 1111 1834 sed
1127 1771 1240 1853 pietas
1256 1770 1334 1834 abs·

376 1885 440 1947 que
457 1865 637 1940 charitate,
651 1874 685 1928 et
703 1862 857 1928 sandium
869 1875 1051 1928 externum
1068 1865 1197 1947 absque
1213 1861 1334 1927 sanfto

141 2022 143 2026 .
215 1952 361 2034 interno,
380 1968 416 2023 et
446 1960 618 2022 abdicatio
641 1960 758 2022 mundi
780 1959 907 2042 absque
929 1960 1002 2023 vita
1030 1959 1064 2021 in
1095 1958 1237 2033 mundo,
1266 1977 1333 2021 non

215 2051 340 2116 faciunt
353 2054 461 2116 vitam
473 2052 682 2133 spiritualem
695 2074 702 2131 ;
726 2071 843 2115 verum
856 2054 965 2135 pietas
978 2073 1022 2116 ex
1036 2052 1219 2126 charitate,
1234 2071 1334 2116 sanc·

215 2155 287 2209 tum
304 2156 486 2210 externum
505 2167 550 2210 ex
571 2144 690 2211 saneto
709 2148 856 2223 interno,
873 2157 909 2211 et
927 2146 1100 2210 abdicatio
1119 2146 1238 2208 mundi
1257 2164 1335 2210 cum

214 2241 336 2304 vitain
356 2242 493 2315 mundo,
513 2240 650 2304 iaciunt.

273 2349 366 2419 1²4.
394 2335 508 2398 Pietas
529 2346 582 2398 est
605 2338 659 2417 pie
680 2338 837 2418 cogitare
859 2347 895 2400 et
917 2335 1020 2419 loqui,
1040 2336 1189 2399 multum
1209 2354 1334 2400 vacare

215 2427 379 2507 precibus,
404 2427 576 2490 humiliter
605 2448 642 2491 se
672 2437 753 2492 tunc
784 2448 913 2510 gerere,
938 2428 1153 2511 frequentare
1187 2427 1332 2511 templa,

214 2529 250 2582 et
270 2521 313 2583 ibi
330 2522 600 2603 praedicationes
616 2523 743 2586 devote
759 2523 960 2596 auscultare,
978 2534 1013 2586 et
1029 2543 1132 2604 saepe
1148 2524 1335 2605 quotannis

215 2616 307 2678 obire
320 2615 578 2679 Sacramentum
593 2616 717 2688 Cenae,
729 2628 764 2680 et
777 2616 932 2681 similiter
944 2617 1072 2699 reliqua
1084 2617 1197 2680 cultus
1210 2637 1334 2680 secun·

214 2709 294 2772 dum
321 2709 485 2773 ecclesiae
513 2719 654 2774 statuta.
700 2711 784 2774 Vita
814 2722 929 2774 autem
956 2711 1133 2774 charitatis
1160 2721 1215 2774 est
1245 2711 1334 2775 bene

214 2803 302 2867 veile
318 2814 353 2866 et
369 2803 581 2867 benefacere
599 2807 766 2886 proximo,
784 2805 817 2867 in
833 2807 925 2868 omni
941 2825 1044 2888 opere
1059 2824 1163 2886 agere
1179 2825 1225 2868 ex
1239 2803 1333 2886 justo

214 2907 248 2960 et
272 2918 392 2980 aequo,
417 2918 461 2961 ex
489 2898 580 2961 bono
607 2908 642 2962 et
672 2919 764 2971 vero,
789 2900 944 2962 similiter
966 2901 999 2962 in
1023 2901 1115 2962 omni
1138 2897 1333 2978 sunt'tioneJ

213 2992 328 3065 verbo,
353 2993 423 3055 vita
446 2992 623 3055 charitatis
646 2993 803 3056 consistit
827 2993 859 3054 in
884 2993 997 3056 usibus
1020 2993 1246 3075 praestandis.
1293 2994 1332 3058 In

214 3084 277 3147 hac
304 3087 375 3148 vita
398 3087 555 3168 primario
579 3087 744 3153 consistit.
760 3085 872 3150 cultus
896 3086 1049 3163 Divinus,
1073 3088 1106 3149 in
1134 3086 1193 3150 ilia
1215 3098 1333 3152 autem

214 3181 422 3243 secundario.
455 3178 671 3263 Quapropter
681 3183 736 3263 qui
750 3191 886 3262 separat
899 3201 1000 3243 unam
1011 3181 1054 3244 ab
1063 3182 1183 3255 altera,
1196 3201 1331 3265 nempe,

213 3274 269 3355 qui
288 3275 394 3336 vitam
414 3275 551 3355 pietatis
570 3276 653 3356 agit,
670 3285 706 3337 et
725 3295 792 3337 non
812 3274 910 3337 simul
928 3277 1035 3338 vitam
1054 3274 1244 3352 charitatis,
1264 3297 1333 3341 non

214 3367 296 3430 colit
316 3368 436 3430 Deum.
482 3367 622 3449 Cogitat
641 3370 776 3450 quidem
796 3370 838 3432 de
859 3369 945 3445 Deo,
966 3387 1081 3431 verum
1102 3390 1170 3433 non
1190 3391 1235 3433 ex
1257 3372 1334 3437 Deo

213 3462 274 3525 sed
292 3483 337 3525 ex
357 3483 404 3536 se,
422 3482 500 3525 nam
520 3464 562 3525 de
579 3484 614 3525 se
631 3465 763 3544 cogitat
780 3463 917 3545 jugiter,
935 3474 970 3527 et
991 3463 1073 3525 nihil
1090 3465 1132 3526 de
1152 3465 1333 3545 proxim03

213 3564 249 3619 et
279 3557 306 3618 si
333 3557 375 3619 de
399 3558 566 3637 proximo,
590 3576 666 3620 eum
690 3557 868 3638 vilipendit
892 3559 919 3620 si
944 3578 1011 3620 non
1034 3558 1138 3620 etiam
1162 3558 1242 3621 talis
1266 3562 1333 3624 sit:

213 3659 248 3713 et
265 3671 398 3731 quoque
414 3653 546 3730 cogitat
563 3651 605 3713 de
621 3651 718 3714 caelo
730 3663 766 3714 ut
785 3653 941 3714 mercede
955 3673 962 3730 ;
987 3652 1064 3714 inde
1081 3653 1113 3713 in
1130 3653 1246 3716 animo
1263 3653 1335 3735 ejus

213 3754 266 3807 est
294 3747 461 3817 meritum,
486 3755 521 3807 et
549 3766 681 3827 quoque
704 3765 799 3808 amor
822 3747 881 3818 sui,
903 3755 939 3808 ut
967 3755 1002 3809 et
1030 3754 1250 3828 contemptus
1274 3758 1334 3812 aut

214 3836 390 3919 neglectus
411 3859 539 3911 usuum,
560 3849 594 3902 et
618 3841 664 3902 sic
689 3840 846 3921 proximi,
867 3849 903 3902 et
926 3839 1025 3902 simul
1044 3850 1097 3903 est
1121 3839 1204 3903 fides
1224 3843 1334 3906 incul-

213 3934 294 4015 pati.
340 3933 425 3996 lnde
444 3944 603 3996 constare
623 3943 749 4016 potest,
770 3935 859 4016 quod
880 3935 1018 4015 pietatis
1040 3936 1111 3997 vita
1130 3946 1291 4016 separata
1314 3957 1335 4000 a

213 4027 390 4091 charitatis
413 4029 484 4090 vita
516 4046 583 4089 non
607 4030 651 4091 sit
674 4030 745 4091 vita
768 4028 961 4108 spiritualis,
982 4049 1068 4111 quae
1091 4030 1154 4092 erit
1178 4031 1211 4092 in
1235 4031 1334 4095 cultu

213 4120 347 4185 Divino.
395 4121 532 4203 (Confer
549 4121 673 4184 Mami.
689 4124 732 4186 vi.
749 4137 779 4203 7,
797 4122 842 4204 8.)

272 4228 363 4297 125.
391 4212 554 4276 Sandtum
576 4224 759 4276 externum
783 4225 836 4277 est
858 4212 968 4276 simile
991 4214 1047 4295 pio
1069 4213 1208 4291 tali,¹¹¹et
1233 4236 1334 4297 prae·

212 4306 310 4387 cipue
333 4306 490 4368 consistit
522 4305 555 4366 in
585 4325 637 4379 eo,
662 4306 751 4388 quod
778 4305 882 4368 homo
909 4317 1014 4388 ponat
1037 4326 1174 4369 omnem
1198 4308 1332 4372 cultum

212 4399 371 4463 Divinum
401 4401 434 4462 in
464 4396 584 4463 sancto
614 4418 690 4463 cum
719 4409 772 4464 est
803 4401 835 4463 in
863 4399 1021 4484 templis;
1051 4401 1112 4464 sed
1141 4400 1208 4465 hoc
1239 4404 1332 4486 apud
