2776 5040
611 490 662 543 os
684 489 771 542 oso.
1213 496 1252 562 19

183 675 229 724 10.
259 656 361 742 Quod
379 658 623 735 beatitudines,
634 657 827 736 felicitates,
844 666 881 724 et
894 656 1126 741 jucunditates
1138 669 1250 724 aeter·

344 773 420 830 nae,
436 752 537 817 simul
552 753 622 817 sint
638 752 722 817 fines
737 754 941 833 creationis;
964 755 1043 837 quia
1058 763 1138 818 sunt
1154 775 1250 818 amo·

343 869 398 912 ris.

183 959 228 1007 11.
260 942 362 1025 Quod
385 942 439 1006 hic
456 940 532 1005 finis
550 943 596 1007 sit
613 941 774 1022 intimus;
798 942 848 1007 ita
866 944 954 1008 sicut
972 943 1044 1007 vita
1066 952 1103 1007 et
1125 944 1249 1017 anima,

344 1056 384 1101 ac
415 1046 453 1100 ut
474 1037 525 1099 vis
554 1045 591 1101 et
620 1046 776 1113 conatus,
801 1038 835 1100 in
862 1037 1020 1101 omnibus
1046 1046 1083 1101 et
1109 1037 1251 1120 singulis

346 1130 480 1194 creatis.

183 1239 227 1288 12.
258 1220 360 1305 Quod
378 1223 436 1287 ille
454 1222 530 1286 finis
546 1223 591 1287 sit
611 1223 704 1288 Deus
722 1224 755 1287 in
773 1223 850 1288 illis.

184 1334 229 1399 13.
260 1316 363 1399 Quod
393 1317 448 1381 hic
475 1315 551 1380 finis
580 1318 702 1380 insitus
729 1319 853 1382 creatis
886 1318 920 1382 in
950 1319 1123 1382 communi
1152 1327 1189 1383 et
1217 1319 1251 1382 in

344 1420 441 1494 parte
464 1411 566 1475 saciat
590 1422 627 1476 ut
646 1421 868 1476 conservetur
885 1414 1078 1476 universum
1099 1414 1134 1476 in
1156 1421 1252 1476 statu

345 1516 474 1582 creato,
493 1515 658 1589 quantum
681 1504 767 1569 fines
788 1507 913 1569 amoris
935 1507 1084 1589 oppositi
1102 1527 1170 1570 non
1189 1507 1251 1570 ob-

344 1611 441 1665 stant
458 1610 494 1665 et
514 1597 733 1665 labeladtant.

183 1710 228 1774 14.
260 1692 361 1777 Quod
392 1694 497 1771 Deus,
526 1715 571 1758 ex
602 1694 728 1758 Divina
757 1715 818 1758 sua
847 1695 1110 1777 omnipotentia,
1141 1698 1251 1759 omni·

345 1789 549 1871 praesentia,
569 1797 605 1853 et
624 1789 873 1865 omniscientia,
890 1790 1052 1853 continue
1074 1791 1251 1873 provideat

346 1903 389 1947 ne
405 1880 489 1946 fines
509 1883 658 1965 oppositi
674 1903 719 1947 ex
736 1884 907 1947 amoribus
923 1885 1090 1966 oppositis
1110 1905 1251 1967 praeva-

346 1976 452 2052 leant,
476 1985 512 2040 et
535 1977 720 2041 creationis
743 1997 828 2060 opus
850 1975 1057 2040 labefactent
1080 1998 1185 2060 usque
1208 1979 1252 2042 ad

345 2071 625 2135 internecionem.

182 2179 230 2247 15.
261 2163 361 2249 Quod
388 2166 606 2229 conservatio
632 2165 677 2229 sit
704 2174 868 2248 perpetua
895 2166 1034 2242 creatio,
1057 2167 1147 2230 sicut
1172 2167 1251 2228 sub·

308 2277 309 2281 ’
346 2259 504 2344 sistentia
522 2268 576 2323 est
595 2269 761 2344 perpetua
780 2260 978 2323 existentia.

473 2772 633 2838 CAPUT
665 2771 914 2839 OCTAVUM.

132 2993 194 3056 Da
218 2990 291 3056 Ds1
313 2989 623 3069 Oumeoraum,
644 2989 941 3067 Onuisciann,
962 3004 1010 3056 er
1030 2990 1252 3059 0111111111-

618 3100 767 3150 serim.

204 3311 231 3358 1.
262 3292 363 3378 Quod
381 3295 445 3360 Dei
460 3295 724 3378 omnipotentia,
741 3295 991 3368 omniscientia,
1006 3304 1041 3358 et
1059 3297 1252 3378 omniprae-

347 3391 459 3454 sentia
488 3410 556 3452 non
589 3389 716 3453 cadant
749 3390 783 3452 in
813 3386 1252 3463 intelledtum'humanum,

348 3484 426 3567 quia
442 3483 506 3547 Dei
524 3484 775 3565 omnipotentia
789 3492 843 3547 est
860 3481 992 3545 infinita
1008 3484 1174 3565 potentia,
1189 3481 1253 3545 Dei

349 3579 587 3642 omniscientia
603 3585 657 3640 est
674 3576 805 3640 infinita
821 3577 998 3659 sapientia,
1011 3586 1046 3641 et
1062 3578 1253 3657 omniprae-

349 3673 461 3735 sentia
480 3681 533 3734 est
555 3669 686 3734 infinita
705 3671 908 3753 praesentia,
928 3671 963 3733 in
986 3671 1143 3733 omnibus
1167 3690 1253 3752 quae

347 3767 528 3830 exiverunt
545 3776 581 3829 et
597 3784 684 3848 quae
699 3772 828 3828 exeunt
844 3765 889 3827 ab
905 3764 1004 3846 lps03
1034 3785 1074 3827 ac
1095 3765 1254 3827 Divinum

350 3859 525 3924 Infinitum
545 3878 613 3923 non
632 3859 725 3922 cadit
744 3860 779 3922 in
797 3856 1010 3922 intellectum
1029 3857 1193 3922 finitum*

201 3971 231 4019 2.
263 3952 365 4036 Quod
383 3954 477 4017 Deus
494 3955 538 4018 sit
557 3955 786 4035 omnipotens,
807 3953 990 4016 omniscius
1009 3962 1044 4015 et
1062 3953 1253 4034 omniprae-

348 4069 437 4125 sens,
449 4049 576 4131 absque
589 4047 746 4111 rationali
759 4048 921 4111 scrutinio
933 4047 1150 4128 agnoscitur;
1170 4067 1254 4128 quo·

348 4144 439 4207 niam
463 4142 573 4208 hoca
595 4141 671 4205 Deo
694 4140 802 4205 influit
828 4142 862 4204 in
886 4141 1093 4223 superiorem
1121 4149 1253 4223 partem

180 4376 196 4410 ⁴¹
215 4375 394 4436 [morino
414 4383 433 4421 11
452 4372 712 4434 momt-JQuod
731 4374 864 4434 procedam
884 4371 966 4420 omnis
985 4373 1119 4419 secundum
1137 4372 1255 4419 ordinem.

132 4446 210 4506 Quod
221 4444 290 4490 Deus
299 4443 329 4489 sit
339 4442 415 4490 Ordo.
