2776 5040
164 447 205 518 54
485 448 537 502 ns
558 446 664 503 uovs
688 446 963 503 nmnososvus

216 614 307 811 §uod
320 613 440 673 affectio
453 616 493 674 sit
504 618 679 673 continuum
694 618 804 675 amoris
820 619 860 686 (n.
874 615 964 688 3938).

245 688 305 743 uod
325 703 414 743 omne
437 689 610 758 jucundum.
630 689 746 758 volupe,
767 688 907 752 faustum,
926 687 1005 752 teliz,
1019 696 1052 744 et
1070 702 1162 743 omne
1180 687 1276 744 cordis

162 770 220 827 gau
244 757 524 821 ium,sinta1noris;
548 768 579 813 et
597 759 684 829 quale
703 774 805 814 eorum
824 757 987 814 secundum
1006 757 1094 830 quale
1108 758 1219 814 amoris
1238 760 1276 825 (u.

164 841 225 897 Μ
237 827 648 969 911⁹‹ft'12524g'enerastupentes
660 898 879 968 jucunditatum
889 897 1118 969 etvoiuptutum
1127 897 1197 960 sint,
1205 907 1278 968 quot

162 894 354 1023 onegionum
366 983 442 1040 quae
454 968 564 1023 amoris
576 969 617 1049 in.
629 982 689 1049 994
703 979 762 1036 995,
776 969 867 1036 2204).

214 1035 303 1178 guod
315 1038 479 1121 jucundum
489 1052 599 1092 amoris
611 1053 648 1093 eo
657 1038 746 1119 vilius
753 1038 799 1100 sit,
806 1052 870 1120 quo
882 1037 1140 1121 utugisenternum
1153 1039 1195 1105 (n.
1205 1037 1277 1107 996).

244 1108 304 1163 uod
325 1107 438 1163 homini
454 1117 522 1178 post
544 1118 671 1163 mortem
696 1108 764 1163 talis
784 1118 847 1162 vtttt
867 1117 915 1170 stt,
929 1108 1025 1180 quslts
1046 1123 1112 1179 ejus
1132 1123 1219 1163 umor
1239 1110 1278 1174 (u.

163 1177 259 1247 23⁶4i?
273 1177 375 1247 oui).

214 1296 281 1368 63.
307 1295 397 1352 Plura
415 1296 454 1352 de
471 1311 573 1352 amore
586 1305 616 1352 et
634 1297 699 1368 ejus
715 1296 844 1352 essentia
862 1304 895 1352 et
909 1296 998 1368 quali.
1010 1296 1078 1352 sciri
1097 1306 1224 1368 possunt
1242 1312 1278 1352 ex

163 1376 221 1432 illis
235 1391 311 1447 quae
328 1391 418 1448 supra
431 1374 513 1431 uitta
529 1385 561 1432 et
574 1375 663 1431 allata
677 1385 747 1430 sunt
765 1376 804 1431 de
824 1375 910 1431 Bono
924 1385 956 1431 et
970 1374 1067 1431 Vero:
1087 1385 1153 1431 tunt
1169 1392 1206 1432 ex
1222 1376 1278 1432 iliis

162 1471 238 1527 quse
252 1471 342 1527 supra
356 1454 437 1511 uitta
450 1465 481 1512 et
494 1456 584 1512 allata
597 1465 668 1512 sunt
682 1456 720 1511 de
732 1455 896 1512 Voluntste
910 1464 941 1511 et
957 1453 1130 1511 lntettectu:
1148 1466 1183 1511 ut
1198 1464 1228 1511 et
1242 1471 1278 1511 ex

162 1537 219 1594 iliis
226 1534 391 1607 quaesitu
398 1546 429 1592 et
436 1536 525 1592 allata
532 1537 647 1592 suntde
659 1534 780 1592 Interno
789 1546 821 1591 et
830 1535 961 1592 Extcmo
969 1533 1118 1591 Homine:
1135 1536 1277 1606 quoniam

162 1618 263 1674 omnia
277 1632 354 1689 quse
368 1616 478 1672 amoris
495 1626 574 1679 sunt,
590 1631 622 1671 se
641 1614 772 1671 re'ierunt
786 1616 824 1671 ad
839 1617 919 1672 bona
932 1615 1015 1671 etad
1031 1614 1125 1679 malm
1143 1615 1278 1672 similiter

162 1697 263 1754 omnia
283 1706 450 1769 quaesunt
471 1696 563 1767 ipsius
574 1695 753 1759 voluntatis;
775 1705 806 1751 et
825 1695 966 1766 quonism
987 1695 1049 1751 bini
1068 1711 1187 1753 amores
1205 1695 1277 1751 oseti

160 1778 298 1847 aperiunt
311 1786 343 1832 et
355 1775 485 1833 formant
497 1777 646 1831 internum
659 1776 841 1846 spiritualem
855 1775 1023 1838 hominem:
1040 1786 1073 1831 at
1084 1774 1148 1831 bini
1160 1791 1276 1832 amores

164 1856 269 1913 inferni
293 1856 436 1913 claudunt
459 1865 491 1912 et
511 1857 669 1912 destruunt
691 1857 781 1911 illum.
819 1855 893 1911 Inde
918 1865 1043 1927 possunt
1063 1855 1277 1927 applicationes

163 1936 235 2002 fieri,
247 1947 278 1993 et
291 1936 505 1999 conclusiones,
518 1937 614 2008 qualis
625 1946 672 1992 est
684 1952 768 1991 amor
779 1936 809 1990 in
821 1951 931 2008 genere
942 1945 974 1992 et
987 1936 1016 1991 in
1030 1936 1138 2007 specie.

216 2057 283 2129 64.
310 2055 344 2111 In
359 2071 448 2128 opere
460 2056 506 2111 De
519 2056 603 2111 Caelo
614 2062 642 2111 et
655 2057 778 2138 Inserno
791 2055 881 2111 etiam
894 2055 932 2111 de
944 2055 1094 2111 amoribus
1106 2053 1207 2110 situm
1220 2064 1277 2118 est:

164 2143 278 2205 nempe.
291 2128 372 2198 quod
388 2125 531 2181 Divinum
547 2125 669 2181 Domini
689 2143 719 2181 1n
734 2125 824 2182 caelis
838 2126 878 2183 sit
892 2125 1018 2182 antonin
1035 2123 1137 2197 Ipsum
1149 2136 1181 2180 et
1195 2140 1278 2181 amor

163 2212 234 2269 erga
246 2197 414 2267 proximum
428 2197 468 2265 (n.
481 2199 586 2265 13-19).
683 2221 688 2232 ·

216 2265 305 2339 Quod
318 2282 431 2328 omnes,
443 2265 494 2337 qui
511 2265 540 2320 in
555 2264 676 2322 infernis
689 2276 767 2329 sunt,
780 2266 810 2321 in
830 2266 915 2322 malis
928 2275 959 2322 et
974 2264 1044 2321 iude
1062 2263 1145 2322 falsis
1162 2265 1223 2321 sint
1241 2280 1276 2320 ex

164 2336 315 2393 amoribus
326 2336 372 2393 sui
385 2345 416 2391 et
429 2336 532 2390 mundi
547 2337 588 2405 (n.
603 2336 745 2419 55¹·565)·

217 2405 307 2479 Quod
326 2406 458 2490 jucunda
475 2407 585 2463 amoris
606 2406 736 2477 cujusvts
759 2406 788 2461 in
806 2406 900 2462 altera
912 2405 976 2461 vitu
988 2414 1144 2462 vertantur
1165 2402 1196 2461 in
1214 2419 1278 2462 cor·

163 2475 614 2620 mbosggnctulaofflpffistufflin
626 2561 681 2603 sus
689 2546 817 2602 essentia
828 2546 868 2603 sit
880 2560 964 2603 amor
978 2546 1018 2615 (n.
1031 2547 1175 2617 133-140).
