2776 5040
135 498 194 565 118
446 512 498 563 nn
520 510 625 565 nova
648 510 921 563 runnosotiiun

185 680 274 755 Quod
284 682 334 755 qui
345 692 563 755 regenerantur,
570 697 630 736 non
640 681 731 736 semel
742 680 793 737 sed
804 680 914 752 pluries
921 678 1047 735 subeant
1056 679 1247 740 tentationes.

132 753 273 824 quoniam
287 751 370 824 plura
383 752 460 807 mala
474 763 505 806 et
518 751 592 806 ialsa
603 751 784 806 removenda
796 761 865 806 sunt
880 752 920 819 (77.
933 749 1024 819 8463).

185 821 275 894 Quod
293 823 343 893 qui
363 823 491 892 aliquam
505 822 598 876 vitam
616 820 799 892 spiritualem
819 820 920 890 adepti
939 830 1017 881 66777,
1032 818 1057 874 61
1078 818 1109 872 iri
1135 818 1249 873 mundo

132 907 193 948 non
206 893 334 947 subeunt
346 892 576 953 76676716666,16
589 892 682 947 altera
694 891 755 946 vita
767 892 894 946 subeant
907 891 947 959 (ii.
961 891 1051 956 7122).

184 959 346 1035 Quomodo
358 962 540 1017 tentationes
558 960 679 1015 1166716
697 961 791 1016 617776
803 960 912 1024 77177777
926 959 1046 1014 ubinam
1063 960 1104 1027 (6.
1119 970 1249 1028 337-539

131 1031 192 1102 699
209 1033 373 1100 7766-7773,
396 1028 507 1101 1122[?]‚
522 1031 598 1100 2694
611 1030 689 1098 4728,
707 1043 873 1100 4946-4937,
892 1029 969 1098 6779,
988 1027 1066 1099 6928,
1079 1040 1157 1097 7696,
1170 1036 1249 1095 7772,

132 1102 330 1172 7725677271.
346 1101 423 1168 718⁶.
439 1114 516 1170 7627.
530 1113 606 1167 7474.
623 1112 699 1171 7502.
715 1112 792 1170 7577.
807 1113 883 1170 7542.
898 1110 976 1169 7645.
990 1098 1067 1166 7768.
1079 1110 1158 1167 79927
1170 1111 1250 1168 9³³1·

132 1174 233 1297 976116
250 1251 330 1297 67676
350 1241 554 1297 illustrationis
573 1240 690 1296 illorum
709 1241 760 1364 qui
778 1255 796 1295 e
814 1239 981 1294 tentatione
995 1238 1128 1299 veniunt.
1141 1246 1172 1293 et
1190 1237 1250 1292 ele·

132 1322 241 1368 vantur
253 1312 282 1366 iri
294 1312 416 1373 eaelum,
428 1322 460 1366 et
472 1312 510 1366 de
523 1311 692 1382 receptione
706 1312 714 1364 i
737 1326 822 1365 orum
834 1309 873 1364 ibi
888 1313 928 1379 (n.
942 1308 1018 1378 2699,
1032 1321 1108 1375 2767,
1122 1306 1215 1373 2764).

186 1432 326 1488 Tentatio
351 1447 404 1502 per
421 1428 571 1486 deiedium
584 1431 656 1493 veri,
669 1440 700 1485 et
721 1429 901 1485 desiderium
913 1428 977 1482 veri
996 1438 1078 1491 tunc.
1089 1427 1187 1499 qualis
1210 1429 1251 1495 (6.

134 1502 326 1655 2681ἷ6ξ737ἱ2716
337 1569 483 1625 1771667667
497 1570 527 1624 iii
535 1572 628 1626 altera
636 1569 706 1633 vita,
715 1585 864 1641 perquam
875 1569 995 1624 discunt
1007 1568 1144 1623 resistere
1156 1566 1253 1629 766116,

134 1643 456 1852 ῖυεῧῗὲἓηῖιίῗξωα
476 1710 666 1774 tentationes,
682 1709 895 1772 infestationes,
910 1718 941 1764 et
955 1709 1146 1771 vastationes,
1161 1706 1252 1778 quale

148 1800 176 1839 ¹¹·
185 1794 256 1849 7474
270 1823 276 1836 ·

134 1952 224 2025 198.
254 1953 281 2008 T
277 1954 433 2007 entati'ones
444 1950 579 2021 quomodo
590 1955 618 2004 et
628 1949 752 2020 quando.

187 2068 277 2283 §uod
291 2085 406 2141 pugnae
418 2067 587 2139 spirituales
599 2068 744 2139 imprimis
756 2066 829 2122 116777
842 2083 895 2139 677
903 2082 974 2122 vera
986 2064 1055 2120 fidei
1070 2066 1110 2136 (n.
1123 2064 1218 2135 8962).

217 2140 277 2195 6671
289 2155 393 2195 verum
404 2140 444 2194 sit
457 2139 584 2209 primum
598 2154 714 2221 pugnae
729 2140 769 2207 (77.
785 2137 872 2207 7685).
1238 2206 1244 2218 .

216 2211 276 2265 uod
302 2209 438 2265 homines
458 2209 599 2264 ecclesiae
614 2208 775 2280 spiritualis
792 2217 947 2262 tententur
963 2205 1062 2278 quoad
1081 2221 1152 2261 vera
1173 2204 1255 2267 fidei.

136 2296 228 2352 quare
244 2280 301 2335 illis
313 2290 360 2336 est
378 2294 479 2351 pugna
494 2294 547 2349 per
557 2294 642 2341 vera:
663 2288 694 2333 at
712 2278 792 2349 quod
812 2278 948 2333 homines
963 2276 1104 2332 ecclesiae
1116 2276 1256 2331 caelestis

134 2360 290 2405 tententur
306 2350 405 2421 quoad
431 2350 508 2404 bona
526 2348 644 2411 amoris,
658 2364 749 2420 quare
768 2347 825 2403 11116
849 2357 895 2402 est
916 2362 1016 2419 pugna
1037 2361 1090 2417 per
1109 2346 1191 2400 bona
1213 2347 1255 2414 (77.

139 2420 333 2563 166ἒέ331111
346 2490 397 2572 qui
410 2489 448 2544 ab
457 2488 581 2544 ecclesia
593 2488 738 2558 spirituali
751 2498 828 2549 sunt„
838 2486 1032 2558 utplurimum
1044 2501 1104 2540 non
1118 2496 1256 2568 pugnent

134 2576 171 2616 ex
184 2560 262 2615 veris
274 2560 418 2630 genuinis,
431 2561 484 2614 sed
497 2575 534 2613 ex
548 2559 605 2613 illis
617 2574 693 2682 quae
709 2557 862 2612 l¹¹credunt
881 2571 951 2610 vera
965 2570 1031 2610 esse
1042 2571 1079 2608 ex
1095 2550 1257 2638 (1671776617

134 2645 206 2685 6666
218 2630 373 2692 677166166;
391 2630 473 2701 quod
493 2626 657 2684 dotirinae
675 2643 769 2698 usque
788 2627 848 2682 7616
867 2642 932 2681 esse
951 2626 1040 2680 debet
1059 2635 1093 2678 ut
1110 2639 1257 2695 conjungi

133 2712 224 2771 queat
236 2701 317 2755 bono
331 2704 370 2769 (n.
380 2699 471 2770 6765).

189 2827 279 2902 Quod
294 2831 344 2901 qui
364 2842 553 2902 regeneratur
567 2831 748 2888 tentationes
767 2834 919 2890 subiturus
933 2835 980 2896 sit,
993 2845 1023 2890 et
1041 2836 1123 2906 quod
1141 2835 1257 2907 absque

137 2898 194 2954 illis
207 2902 371 2971 regenerari
384 2912 512 2984 nequeat
527 2904 566 2969 (ri.
581 2902 657 2971 5036,
672 2903 766 2973 54o3[?
776 2904 878 2972 8403]).

191 2968 230 3023 Et
242 2971 322 3040 quod
335 2980 516 3027 tentationes
530 2972 599 3027 ideo
612 2974 794 3028 necessariae
806 2975 867 3028 sint
880 2977 920 3039 (6.
934 2979 1024 3043 7696).

190 3038 278 3113 Quod
304 3041 395 3096 homo
417 3042 467 3111 qui
494 3053 690 3113 regeneratur.
711 3054 783 3098 tunc
808 3043 837 3098 in
860 3045 1041 3100 tentationes
1062 3046 1164 3100 veniat
1185 3060 1256 3101 cum

136 3110 246 3164 malum
270 3123 395 3165 conatur
413 3112 561 3166 dominari
586 3128 674 3183 super
692 3114 812 3176 bonum,
830 3130 865 3168 ac
888 3115 1030 3171 naturalis
1052 3114 1145 3170 homo
1165 3132 1258 3187 super

136 3179 318 3249 spiritualem
334 3183 373 3249 (6.
386 3181 482 3250 6857[1
492 3182 581 3251 6657),
595 3182 686 3251 8967).

192 3249 229 3303 Et
241 3250 321 3320 quod
342 3251 371 3304 iii
387 3251 452 3305 illas
464 3252 566 3306 veniat
577 3268 644 3307 cum
658 3252 770 3307 bonum
787 3255 877 3309 debet
891 3270 977 3327 agere
992 3255 1101 3326 primas
1121 3257 1162 3324 (6.
1174 3255 1256 3323 4248,

135 3319 397 3473 tuffiqlffi
407 3321 629 3474 &gerantur
641 3392 768 3462 primum
783 3394 811 3447 in
825 3404 936 3449 statum
948 3395 1259 3479 tranquillitatis-mit·

136 3460 327 3523 tantundem
347 3477 376 3513 in
395 3470 585 3524 tentationes,
598 3473 629 3516 et
665 3464 725 3517 6671
741 3473 846 3534 666766
861 3465 890 3518 16
905 3474 1015 3519 statum
1029 3466 1257 3537 tranquillitatis

136 3531 217 3599 pacis
231 3531 360 3591 redeant,
374 3531 424 3601 qui
438 3541 484 3585 est
498 3531 565 3586 finis
580 3536 619 3601 (n.
633 3546 649 3601 3
702 3539 723 3601 ).

136 3711 228 3770 199.
256 3699 742 3771 Tentatiimesqur‘dbom'efficr'unt.

219 3818 269 3872 uid
290 3820 473 3874 tentationes
494 3819 627 3874 efficiunt
651 3823 695 3889 (in
718 3837 838 3883 summa.
858 3839 886 3877 ri.
901 3822 975 3892 1692,
992 3835 1066 3890 7777,
1082 3837 1158 3892 7746,
1174 3825 1257 3894 6744,

189 3956 280 4029 Quod
292 3975 344 4029 per
355 3960 537 4014 tentationes
549 3961 719 4030 acquiratur
731 3962 896 4016 dominium
910 3963 1055 4033 spirituali
1068 3980 1120 4020 seu
1135 3964 1257 4023 interno

136 4027 251 4083 homini
276 4046 364 4100 super
383 4031 545 4084 naturalem
568 4047 620 4085 seu
645 4042 809 4094 externum,
824 4043 1041 4104 consequenter
1058 4035 1140 4089 borio
1164 4052 1200 4090 su
1243 4055 1258 4092 7

136 4099 247 4153 malum
265 4114 300 4154 ac
314 4116 386 4155 vero
400 4115 489 4170 super
504 4099 774 4172 161666766661667
791 4102 819 4156 iii
835 4103 979 4174 spirituali
999 4103 1120 4159 homine
1136 4117 1183 4161 est

137 4185 216 4230 num,
230 4185 297 4223 nam
311 4171 422 4241 absque
434 4185 472 4224 eo
485 4187 544 4225 non
558 4182 612 4230 est.
621 4181 652 4225 et
665 4171 694 4225 in
707 4172 833 4227 naturali
847 4173 956 4228 malum
971 4175 1012 4243 (n.
1026 4175 1116 4244 8961).

190 4237 338 4310 Quoniam
357 4240 484 4295 tentatio
502 4251 548 4295 est
567 4257 665 4311 pugna
684 4242 761 4297 inter
777 4242 832 4305 illa,
849 4245 917 4298 inde
935 4244 1085 4316 agiturne
1100 4245 1256 4310 dominio;

135 4324 250 4379 nempe,
261 4326 331 4362 num
342 4310 381 4365 sit
390 4310 534 4380 spirituali
548 4311 662 4365 homini
675 4328 765 4382 super
774 4314 945 4376 naturalem,
954 4315 1079 4384 proinde
1090 4331 1161 4369 num
1171 4316 1256 4372 bono

135 4394 225 4504 sqper
233 4378 351 4463 malum,
359 4390 412 4434 aut
420 4380 568 4444 vicissim:
586 4382 711 4451 proinde
721 4398 792 4437 num
801 4383 841 4438 sit
853 4382 983 4439 Domino
992 4401 1081 4457 super
1090 4384 1256 4449 hominem.

134 4463 155 4503 v
195 4464 266 4504 num
279 4449 396 4507 77716766
408 4452 449 4521 (6.
466 4465 540 4521 7923,
554 4451 656 4522 3928)*
