2776 5040
210 500 253 564 4²
683 491 856 546 cononis.

212 664 442 730 intellectuale
464 687 523 749 per
547 666 681 730 “virum
694 666 720 745 ;”
747 665 832 730 haec
856 666 931 742 tria,
954 667 1032 749 quia
1055 687 1160 732 unum
1183 670 1327 752 sequitur

211 760 365 835 alterum,
383 758 563 824 maledicta
578 769 667 824 sunt.
697 757 752 838 (ln
770 759 918 824 Arcanis
940 759 1158 838 caelestibus,
1175 764 1232 827 ubi
1250 783 1326 825 una-

211 856 349 936 quaevis
367 876 448 929 vox,
465 864 501 919 et
519 855 744 937 unusquisque
759 874 881 917 vocum
897 851 1102 931 intellectus,
1120 877 1182 938 per
1197 876 1328 919 sensum

212 949 418 1030 spiritualem
445 949 501 1030 qui
530 969 550 1011 a
580 948 728 1011 Domino
754 948 835 1011 mihi
862 949 1032 1019 revelatus
1058 962 1123 1025 est,
1153 951 1329 1014 enucleata

211 1053 309 1119 sunt;
333 1063 419 1125 quae
437 1044 513 1125 quia
531 1052 684 1116 exstant,
702 1042 831 1106 consuli
850 1039 1019 1124 possunt.)

273 1151 341 1217 3²·
371 1138 451 1200 Post
468 1137 554 1200 hanc
568 1132 841 1200 maledictionem
854 1138 1053 1201 describitur
1065 1149 1208 1220 quartus
1224 1149 1328 1202 status

212 1227 307 1311 hujus
325 1229 510 1304 Ecclesiae,
528 1232 584 1314 qui
602 1231 663 1294 suit
683 1239 794 1294 status
816 1231 886 1311 ejus
908 1229 1017 1295 noblis
1044 1233 1077 1294 in
1104 1233 1329 1315 spiritualibus

211 1335 246 1386 et
265 1334 405 1387 vocatur
424 1323 691 1398 Consummatio,
711 1345 770 1406 per
788 1325 878 1408 quod

261 1472 393 1535 Expulsus
406 1473 485 1521 luerit
496 1487 529 1522 ex
541 1473 627 1530 horto,
644 1475 661 1496 ¹·
669 1473 704 1522 ad
715 1472 857 1522 colendum
870 1482 977 1531 terram,
991 1488 1007 1522 e
1024 1489 1077 1538 qua
1088 1484 1216 1538 sumptus
1229 1485 1285 1524 erat
1293 1474 1314 1531 :⁹⁸

212 1635 270 1695 per
286 1615 376 1696 quod
395 1612 595 1694 intelligitur
610 1613 700 1695 quod
717 1613 911 1696 deprivatus
930 1615 973 1678 sit
993 1616 1202 1691 innocentia,
1220 1618 1328 1697 integ·

211 1711 323 1783 ritate,
351 1719 386 1771 et
416 1709 591 1790 sapientia,
619 1709 652 1770 in
680 1709 799 1790 quibus
829 1719 902 1772 erat
932 1710 1011 1772 dum
1039 1711 1223 1791 spiritualis
1253 1711 1327 1786 suit;

212 1813 458 1885 consequenter
476 1803 566 1884 quod
588 1823 607 1866 e
630 1802 726 1867 caelo
749 1800 898 1883 dejeclus
920 1804 975 1878 sit,
995 1804 1060 1866 hoc
1085 1815 1150 1878 est,
1171 1807 1328 1869 dissocia·

212 1876 267 1960 tris
285 1898 328 1960 ab
346 1896 496 1978 angelis;
520 1897 739 1961 consimiliter
757 1907 794 1960 ut
813 1898 937 1979 legitur
955 1898 997 1961 de
1014 1904 1034 1930 “
1047 1898 1235 1977 Dracone,”

265 2047 282 2069 '‘
290 2041 436 2107 Conjedlus
448 2054 490 2093 est
508 2044 595 2093 Draco
607 2058 730 2107 magnus,
745 2045 860 2108 Serpens
872 2046 1005 2109 antiquus,
1020 2046 1065 2109 qui
1078 2056 1192 2095 vocatur
1204 2045 1328 2095 Diabolus

342 2120 369 2159 et
378 2110 490 2159 Satanas
493 2146 575 2165 .....
587 2107 726 2172 conjedlus
735 2120 777 2159 est
785 2109 822 2159 ”e
833 2109 923 2168 Caelo,
933 2111 978 2160 ubi
988 2112 1118 2173 pugnavit
1127 2126 1189 2160 cum
1201 2110 1328 2161 Michaele

342 2185 369 2224 et
385 2174 444 2236 ejus
461 2175 573 2237 angelis,
590 2175 642 2224 “in
659 2184 766 2234 terrm,
780 2185 808 2224 et
824 2176 913 2238 angeli
925 2176 984 2239 ejus
995 2190 1056 2226 curn
1074 2177 1122 2226 illo
1134 2174 1235 2239 dejesti
1247 2175 1328 2226 sunt’'

342 2240 531 2305 (Ami-9)-

274 2398 345 2467 33·
375 2381 475 2463 Quod
501 2403 560 2464 per
585 2382 643 2446 illa
669 2403 755 2465 quae
781 2382 823 2447 de
846 2383 984 2447 Adamo
1007 2395 1241 2448 memorantur
1263 2405 1327 2449 non

213 2477 446 2557 intelligantur
468 2477 568 2558 aliqui
591 2488 701 2539 status
724 2476 871 2540 hominis
895 2478 1109 2559 protoplasti,
1134 2480 1194 2542 sed
1222 2490 1328 2543 status

213 2571 397 2643 Ecclesiae,
424 2573 496 2653 quis
523 2573 577 2652 qui
605 2591 672 2634 non
699 2581 788 2633 errat
812 2573 929 2653 spiritu
956 2591 1024 2634 non
1052 2583 1168 2653 potest
1196 2574 1328 2636 videre?

213 2666 262 2730 Ut
274 2666 365 2748 quod
384 2663 505 2747 [Deus]
523 2667 556 2726 in
572 2664 673 2728 horto
686 2666 796 2727 medio
811 2667 958 2746 posuerit
973 2667 1055 2729 duas
1068 2666 1217 2740 arbores,
1231 2687 1326 2728 unam

212 2782 256 2822 ex
280 2759 370 2840 cujus
389 2780 448 2822 esu
471 2760 598 2821 homini
618 2769 708 2821 esset
727 2760 796 2820 vita
814 2770 964 2834 aeterna,
984 2758 1128 2822 alteram
1153 2781 1198 2823 ex
1217 2761 1327 2842 quael

130 2905 136 2915 .
213 2874 302 2917 mors
327 2864 484 2929 aeterna;
515 2864 549 2915 et
577 2853 666 2935 quod
694 2854 780 2915 hanc
808 2853 923 2916 lecerit
950 2853 1104 2916 “bonam
1135 2854 1177 2916 ad
1206 2856 1324 2924 cibum,

212 2948 428 3029 appetibilem
452 2947 567 3021 oculis,
591 2967 630 3009 ac
654 2946 910 3010 desiderabilem
934 2947 976 3010 ad
1000 2948 1150 3010 dandum
1174 2948 1325 3011 intellec·

213 3041 307 3104 tum”
326 3040 411 3122 (cap.
429 3043 469 3102 iii.
486 3041 533 3122 6),
551 3042 599 3104 ita
617 3042 702 3103 sicut
721 3042 764 3102 ad
783 3041 1013 3103 fascinandum
1029 3043 1160 3103 animas
1179 3042 1326 3115 illorum;

212 3147 283 3197 tum
300 3136 389 3217 quod
406 3136 577 3198 admiserit
593 3145 796 3216 serpentem,
814 3154 852 3197 ac
870 3137 1057 3216 permiserit
1073 3137 1103 3198 ei
1120 3136 1213 3219 loqui
1229 3137 1326 3205 verba

212 3229 279 3291 doli
293 3230 335 3290 ad
350 3229 520 3291 mulierem
537 3231 569 3290 in
583 3230 772 3310 praesentia
785 3230 895 3291 mariti
911 3231 965 3311 qui
981 3229 1040 3291 luit
1058 3230 1172 3310 imago
1189 3242 1224 3293 et
1241 3231 1325 3292 simi-

212 3324 319 3386 litudo
339 3324 411 3397 Dei,
432 3344 470 3386 ac
495 3344 611 3404 passus
630 3325 673 3386 sit
696 3323 771 3386 illos
791 3344 849 3404 per
872 3323 997 3385 blanda
1019 3333 1054 3385 et
1078 3324 1171 3387 vaira
1191 3324 1325 3406 illaque·

212 3420 279 3494 ari;
304 3427 339 3480 ut
356 3429 390 3481 et
407 3439 464 3481 cur
481 3438 547 3480 non
565 3419 720 3499 providit,
735 3418 811 3499 quia
827 3418 1002 3499 praevidit,
1019 3438 1062 3480 ne
1078 3418 1137 3492 illi,
1154 3429 1190 3481 et
1207 3441 1250 3481 ex
1267 3419 1325 3480 illis

214 3524 323 3576 totum
351 3533 458 3592 genus
489 3513 681 3586 humanum,
708 3508 988 3594 prolaberentur1¹¹
1013 3512 1046 3573 in
1074 3512 1323 3575 damnationem

215 3605 458 3669 maledidlionis
492 3606 581 3686 ejus;
615 3626 691 3668 nam
726 3605 849 3687 legitur
881 3607 914 3667 in
948 3604 1057 3668 Libris
1091 3604 1324 3669 Orthodoxiac

213 3700 489 3774 Christianorum,

265 3831 353 3903 Quod
377 3849 412 3886 ex
437 3833 564 3886 Peccato
587 3832 644 3886 hoc
663 3832 807 3902 originali,
828 3833 919 3885 “loco
942 3831 1079 3901 imaginis
1102 3832 1184 3901 [Dei]
1206 3834 1324 3887 amissae

212 3905 240 3956 in
262 3903 383 3956 homine
403 3904 441 3956 sit
462 3904 574 3962 intima,
589 3903 724 3972 pessima,
738 3902 977 3972 profundissima,
999 3902 1272 3971 imperscrutabilis,
1285 3903 1324 3955 in·

211 3973 336 4027 effabilis
349 3974 502 4042 corruptio
515 3974 608 4027 totius
623 3984 752 4034 naturae,
767 3984 796 4027 et
815 3973 949 4027 omniurn
961 3973 1069 4025 virium
1078 3972 1102 4031 ;”
1130 3975 1272 4044 quodque
1289 3974 1323 4025 sit

212 4045 294 4097 radix
308 4044 441 4097 omnium
456 4043 615 4097 actualium
630 4044 774 4097 malorum
790 4044 943 4113 (Formula
958 4043 1140 4105 Concordiae,
1155 4061 1222 4114 pag.
1236 4042 1322 4114 [6402]

211 4115 292 4182 640);

211 4245 246 4297 et
277 4236 367 4316 quod
399 4235 491 4297 Deus
520 4235 619 4298 Pater
649 4234 871 4297 universalem
902 4234 993 4297 illam
1024 4235 1277 4299 damnationem
1305 4254 1320 4293 a

211 4329 293 4392 facie
320 4350 379 4391 sua
402 4330 573 4402 averterit,
599 4329 719 4391 Filium
743 4349 838 4391 suum
865 4330 897 4391 in
925 4329 1085 4391 mundum
1111 4331 1249 4402 miserit,
1272 4327 1320 4408 qui

210 4424 303 4486 illam
322 4426 355 4486 in
375 4423 418 4487 Se
438 4424 632 4505 susciperet,
652 4432 686 4486 et
705 4425 751 4486 sic
771 4423 940 4506 placaret:
965 4433 1100 4504 praeter
1119 4423 1223 4505 plura,
1241 4441 1319 4505 quac
