2776 5040
106 459 166 544 15⁶
419 474 470 525 nn
493 473 599 526 nova
622 470 899 525 manosonrrrn

101 642 181 724 quid
200 642 244 706 ad
267 651 454 718 aeternum,
475 652 511 706 et
534 642 696 726 percipiet
716 643 806 724 quod
830 660 899 705 non
917 639 1006 720 sint;
1034 637 1114 724 quid
1137 647 1217 704 tunc

101 736 204 819 aliqui
223 737 302 800 anni
321 739 413 800 vitae
432 739 465 800 in
485 736 637 799 mundo?

165 844 261 912 170.
291 829 358 912 Qui
381 833 445 894 rite
468 831 645 912 expendit,
666 831 751 895 scire
774 839 891 913 potest
920 828 1011 912 quod
1034 827 1220 892 eminentia

101 934 138 988 et
157 923 332 1005 opulentia
355 927 388 987 in
412 926 539 988 mundo
562 944 631 988 non
655 926 723 989 sint
747 924 856 989 reales
878 919 1135 987 benedictiones
1160 919 1219 983 Di·

100 1019 211 1092 vinae,
226 1020 367 1082 tametsi
383 1018 487 1082 homo
500 1040 544 1082 ex
561 1040 622 1083 suo
634 1019 749 1101 volupi
761 1019 837 1082 illas
852 1019 901 1082 ita
912 1027 1026 1093 vocat,
1041 1023 1220 1080 transcunt

102 1114 204 1186 enim,
224 1123 259 1176 et
283 1133 418 1196 quoque
441 1114 609 1178 seducunt
639 1113 778 1188 multos,
798 1123 833 1177 et
862 1121 1023 1176 avertunt
1053 1131 1073 1174 a
1103 1109 1220 1188 caelo;

102 1207 162 1270 sed
181 1207 271 1289 quod
285 1209 356 1270 vita
374 1218 515 1271 aeterna
534 1219 570 1272 et
586 1207 658 1290 ejus
677 1208 821 1272 felicitas
840 1207 909 1270 sint
927 1205 1037 1270 reales
1056 1203 1219 1268 benedic·

102 1300 214 1364 tiones
237 1321 323 1383 quae
345 1321 367 1365 a
390 1301 523 1364 Divino.
570 1300 665 1366 Haec
690 1302 794 1366 etiam
814 1301 916 1365 docet
939 1300 1108 1364 Dominus
1130 1295 1221 1381 apud

101 1392 236 1470 Lucam,

152 1529 167 1552 “
177 1527 266 1579 facite
275 1529 364 1578 vobis.
375 1529 557 1579 ..thesaurum
568 1543 623 1578 non
631 1529 799 1579 deficientem
809 1530 836 1578 in
847 1529 936 1589 caelis,
945 1544 999 1593 quo
1011 1529 1054 1579 iur
1063 1544 1117 1578 non
1128 1542 1223 1592 perve-

233 1594 280 1651 nit.
291 1609 377 1657 neque
387 1595 461 1644 tinea
469 1595 616 1658 corrumpit
626 1609 632 1653 ;
645 1596 689 1644 ubi
694 1596 770 1659 [euim
780 1605 823 1645 est
835 1595 975 1645 thesaurus
984 1605 1081 1655 vester,
1092 1595 1222 1645 ibicum

232 1673 279 1708 cor
290 1670 409 1708 vestrum
422 1659 495 1710 erit”
507 1660 561 1721 (xii.
574 1672 614 1721 33,
627 1661 677 1722 34).

161 1799 250 1871 171.
279 1787 381 1870 Quod
404 1789 570 1852 succedat
593 1787 692 1852 malis
714 1788 904 1853 secundum
919 1798 1023 1865 artes,
1040 1799 1093 1853 est
1116 1809 1223 1854 causa

103 1879 181 1963 quia
199 1901 244 1944 ex
262 1881 387 1944 Divino
402 1881 520 1945 ordine
538 1891 592 1945 est
612 1891 648 1945 ut
664 1881 803 1964 quisque
819 1902 865 1945 ex
881 1881 1014 1945 ratione
1028 1891 1113 1964 agat
1129 1881 1223 1964 quod

101 1972 186 2056 agit,
207 1983 242 2038 et
266 1996 400 2058 quoque
423 1996 467 2038 ex
491 1975 618 2053 liber03
646 1985 853 2058 quapropter
872 1975 935 2039 nisi
956 1972 1110 2039 relictum
1134 1975 1221 2040 foret

102 2067 232 2130 homini
258 2089 360 2150 agere
387 2069 573 2133 secundum
601 2069 672 2150 ejus
698 2070 867 2132 rationem
895 2090 940 2132 ex
969 2069 1085 2143 libero,
1108 2079 1145 2133 et
1172 2070 1221 2134 sic

102 2181 236 2244 quoque
254 2173 356 2236 artes,
377 2183 463 2245 quae
487 2163 565 2226 inde
584 2172 675 2238 sunt,
695 2163 929 2237 succederent,
949 2162 1054 2226 homo
1072 2163 1222 2227 nullate·

102 2274 165 2318 nus
185 2266 302 2338 posset
320 2257 454 2339 disponi
477 2258 520 2321 ad
538 2257 766 2339 recipiendum
786 2257 892 2319 vitam
911 2266 1107 2333 aeternam3
1135 2255 1222 2319 haec

102 2348 193 2411 enim
210 2350 398 2415 insinuatur
414 2371 489 2415 cum
507 2352 611 2415 homo
627 2361 680 2415 est
699 2352 733 2415 in
752 2350 860 2414 libero
875 2360 911 2414 et
929 2351 1017 2414 ratio
1036 2349 1107 2430 ejus
1126 2349 1221 2412 illus·

102 2452 232 2506 tratur:
260 2463 361 2506 nemo
385 2464 531 2528 namque
551 2447 628 2526 cogi
651 2454 767 2527 potest
790 2444 833 2507 ad
857 2445 996 2519 bonum,
1017 2445 1095 2527 quia
1119 2463 1222 2507 omne

102 2533 259 2600 coactum
270 2557 338 2600 non
352 2537 517 2613 inhaeret,
530 2559 597 2602 non
609 2541 698 2602 enim
709 2549 762 2602 est
776 2539 893 2621 ipsius;
912 2539 946 2601 id
959 2540 1062 2621 ipsius
1075 2538 1222 2601 hominis

103 2629 141 2694 fit
157 2632 247 2713 quod
267 2653 312 2696 ex
332 2632 438 2696 libero
455 2633 640 2697 secundum
657 2633 727 2713 ejus
741 2634 911 2697 rationem
930 2631 978 2708 fit,
995 2641 1031 2696 et
1050 2652 1095 2696 ex
1115 2630 1223 2695 libero

103 2724 140 2789 fit
159 2726 249 2808 quod
270 2747 314 2790 ex
334 2727 514 2791 voluntate
531 2748 590 2790 seu
608 2747 734 2802 amore,
747 2747 786 2791 ac
803 2726 963 2790 voluntas
979 2747 1038 2790 seu
1054 2746 1150 2790 amor
1167 2735 1222 2791 est
1239 2772 1242 2779 ·

102 2820 174 2902 ipse
193 2820 317 2884 homo:
343 2823 369 2884 si
389 2833 569 2904 cogeretur
588 2821 692 2885 homo
708 2822 752 2885 ad
771 2822 803 2884 id
822 2822 912 2904 quod
933 2841 1001 2885 non
1021 2821 1104 2895 vult,
1123 2820 1222 2884 incli-

102 2924 201 2977 naret
216 2917 331 2978 animo
347 2936 483 2997 semper
498 2917 540 2979 ad
561 2916 593 2979 id
613 2916 703 2998 quod
719 2915 814 2993 vuit;
838 2926 872 2979 et
890 2925 1066 2998 praeterea
1081 2913 1223 2996 quisque

102 3007 223 3071 nititur
241 3009 283 3071 ad
303 3011 459 3085 vetitum,
481 3020 515 3074 et
535 3009 600 3074 hoc
626 3030 670 3073 ex
694 3029 795 3073 causa
814 3009 947 3073 latente
970 3010 1048 3091 quia
1069 3008 1112 3072 ad
1137 3007 1223 3072 iibe-

102 3120 186 3165 rum.
232 3102 315 3166 Inde
334 3114 432 3186 patet
451 3104 541 3187 quod
561 3105 624 3167 nisi
646 3103 750 3167 homo
769 3113 944 3168 teneretur
962 3105 996 3167 in
1016 3103 1133 3178 iibern,
1153 3121 1224 3167 non

103 3194 134 3259 ei
152 3196 321 3277 provideri
341 3208 457 3279 posset
477 3198 613 3261 bonum.

165 3302 255 3370 171.
284 3287 492 3370 Relinquere
510 3288 640 3352 homini
661 3308 706 3352 ex
729 3309 792 3352 suo
809 3288 918 3351 libero
933 3289 1038 3351 etiam
1055 3289 1223 3369 cogitare,

102 3380 202 3455 velle,
220 3389 255 3443 et
272 3391 437 3461 quantum
455 3400 523 3444 non
539 3380 695 3444 inhibent
714 3379 821 3462 leges,
837 3379 948 3444 iacere
964 3379 1101 3455 malum,
1118 3399 1224 3444 voca·

103 3486 158 3542 tur
176 3474 384 3557 permittere.
566 3474 569 3481 '

163 3581 256 3649 273.
286 3566 373 3629 Duci
395 3566 439 3629 ad
461 3565 572 3629 felicia
594 3567 627 3629 in
650 3564 780 3628 mundo
799 3585 860 3648 per
875 3574 978 3641 artes,
995 3573 1141 3647 apparet
1160 3565 1224 3629 ho-

103 3661 185 3725 mini
215 3662 301 3724 sicut
334 3660 377 3722 sit
406 3680 451 3722 ex
479 3659 614 3741 propria
644 3657 845 3740 prudentia;
879 3656 939 3720 sed
966 3676 1071 3738 usque
1097 3656 1226 3738 jugiter

103 3756 288 3819 comitatur
321 3754 444 3816 Divina
478 3753 693 3835 providentia
726 3751 959 3834 permittendo
991 3760 1027 3816 et
1061 3753 1225 3816 continue

102 3849 305 3913 abducendo
328 3869 348 3910 a
372 3848 485 3910 malo:
514 3857 550 3910 at
574 3846 651 3910 duci
674 3845 719 3909 ad
742 3846 853 3910 felicia
873 3847 907 3909 in
932 3845 1040 3921 caelo,
1061 3847 1167 3910 scitur
1189 3855 1225 3911 et

104 3944 288 4026 percipitur
318 3942 408 4024 quod
440 3961 508 4004 non
539 3941 583 4003 sit
614 3960 659 4003 ex
690 3940 826 4022 propria
852 3940 1043 4023 prudentia,
1071 3941 1150 4021 quia
1178 3961 1225 4003 ex

103 4037 264 4111 Domino,
287 4047 324 4100 et
351 4035 388 4099 fit
416 4056 460 4098 ex
490 4034 614 4098 Divina
639 4034 749 4117 Ipsius
772 4034 987 4116 providentia
1009 4034 1226 4115 disponendo

103 4141 139 4196 et
158 4133 319 4195 continue
339 4130 496 4193 ducendo
515 4129 559 4192 ad
578 4130 715 4192 bonurn.

162 4235 256 4305 174,
284 4222 387 4304 Quod
403 4223 451 4284 ita
464 4222 520 4295 sit,
534 4220 639 4283 homo
651 4240 720 4284 non
733 4239 857 4302 capere
869 4229 988 4302 potest
1003 4238 1050 4282 ex
1067 4217 1226 4284 Naturae

103 4312 243 4389 lumine,
265 4332 343 4376 nam
364 4334 408 4376 ex
428 4312 487 4376 illo
507 4333 575 4375 non
594 4313 658 4375 scit
679 4311 774 4394 leges
792 4311 919 4375 ordinis
939 4311 1065 4374 Divini.
1121 4312 1129 4323 '

161 4419 258 4489 275.
286 4404 469 4468 Sciendum
489 4415 543 4468 est
561 4405 652 4486 quod
671 4405 715 4466 sit
731 4402 948 4484 providentia
962 4411 999 4466 et
1016 4403 1225 4485 praeviden-
