2776 5040
133 459 175 526 30
406 455 583 509 CANONES
605 456 736 508 Novae
757 455 974 508 scm-:stam

508 748 668 814 CAPUT
691 745 876 812 NONUM.

133 934 245 1017 Quor>
266 933 450 1016 Janovnu
477 933 581 998 Deus
607 945 827 998 succnsuva
855 945 1025 997 exuam
1052 944 1229 998 nonanus

258 1042 309 1093 sx
332 1028 483 1104 Manna,
508 1040 557 1091 aa
583 1040 772 1093 mouetur
796 1026 1002 1092 Hunnnun
1026 1039 1077 1091 ax
1100 1027 1230 1101 Parnm

258 1136 429 1200 cronon
449 1136 505 1186 s1c
526 1122 731 1187 Huunuun
749 1135 866 1187 mnuo
883 1135 1047 1185 secema
1067 1121 1232 1186 D1v1uun.

198 1321 224 1368 1.
256 1303 357 1389 Quod
370 1307 484 1369 anima
500 1305 603 1388 prolis
621 1307 665 1370 sit
681 1327 727 1370 ex
744 1317 853 1389 patre,
867 1315 903 1370 et
920 1306 1012 1389 quod
1028 1305 1088 1370 illa
1103 1307 1138 1371 in
1153 1316 1235 1369 utero

342 1400 462 1464 induat
478 1420 515 1463 se
531 1420 673 1483 corpore
691 1420 737 1464 ex
753 1401 947 1465 substantia
963 1402 1106 1478 matris;
1132 1400 1236 1464 analo·

342 1495 428 1577 gice,
446 1496 535 1559 sicut
553 1513 669 1558 semen
688 1495 722 1558 in
742 1505 834 1560 terra
851 1505 888 1559 et
906 1516 952 1559 ex
968 1496 1163 1560 substantia
1181 1506 1237 1559 ter·

345 1612 413 1657 rae.

195 1700 224 1748 2.
257 1682 359 1765 Quod
382 1684 461 1748 inde
484 1684 599 1766 imago
622 1684 729 1768 patris
751 1684 831 1748 insit
855 1685 1000 1766 corpori,
1021 1685 1167 1768 primum
1188 1684 1241 1747 ob·

342 1797 450 1853 scure,
464 1778 588 1842 deinde
605 1778 680 1860 plus
697 1787 732 1842 et
749 1778 825 1861 plus
840 1779 1030 1854 evidenter,
1044 1780 1135 1843 sicut
1151 1788 1242 1842 natus

342 1874 386 1937 ad
404 1873 519 1937 studia
537 1882 572 1937 et
592 1872 703 1937 officia
721 1875 829 1957 patris
846 1894 884 1937 se
902 1872 1066 1957 applicat.

197 1984 225 2049 3.
257 1965 359 2050 Quod
382 1966 509 2032 Christi
529 1988 661 2051 corpus,
681 1977 851 2052 quatenus
873 1989 893 2031 a
915 1969 1113 2033 substantia
1131 1968 1245 2033 Matris

342 2073 428 2138 erat,
448 2082 517 2126 non
536 2062 635 2126 suerit
654 2061 738 2126 Vita
757 2063 791 2125 in
810 2083 868 2141 se;
891 2063 952 2127 sed
972 2064 1141 2146 recipiens
1159 2064 1244 2128 vitae

342 2178 363 2221 a
382 2157 508 2221 Divino
526 2157 560 2220 in
580 2156 670 2241 Ipso,
691 2157 781 2240 quod
800 2157 862 2222 suit
882 2157 965 2221 Vita
983 2158 1018 2221 in
1037 2177 1086 2222 se.

194 2270 225 2329 4.
257 2249 359 2335 Quod
386 2251 553 2325 Christus,
578 2253 780 2327 successive,
805 2251 894 2315 sicut
921 2251 1083 2316 Divinam
1111 2252 1246 2337 Sapien-

342 2347 427 2410 tiam
450 2354 485 2410 et
510 2345 670 2408 Divinum
694 2346 860 2409 Amorem
882 2345 1055 2410 exaltavit
1077 2348 1169 2430 apud
1195 2346 1246 2422 Se,

343 2441 529 2522 susceperit
549 2441 582 2502 in
602 2437 646 2502 Se
666 2439 825 2503 Divinam
842 2439 973 2514 Vitam,
990 2452 1149 2523 quaeest
1169 2441 1248 2506 Vita

343 2555 445 2598 mse.

198 2643 224 2710 5.
257 2626 358 2711 Quod
383 2628 549 2701 Christus,
574 2639 739 2712 quantum
763 2629 913 2711 suscepit
937 2628 1058 2692 Vitam
1083 2630 1118 2693 in
1148 2651 1183 2694 se
1206 2652 1248 2694 ex

344 2724 469 2787 Divino
485 2725 518 2786 in
535 2723 589 2796 Se,
604 2733 740 2786 tantum
756 2725 889 2787 exuerit
907 2724 1094 2787 humanum
1111 2746 1157 2789 ex
1177 2725 1248 2788 Ma·

343 2828 406 2893 tre,
427 2839 466 2881 ac
487 2819 632 2881 induerit
653 2817 851 2880 Humanum
870 2839 915 2881 ex
936 2818 1047 2881 Patre.

195 2913 224 2976 6.
257 2911 358 2994 Quod
378 2912 533 2976 Christus
552 2933 612 2994 per
630 2912 663 2974 id
685 2911 882 2975 Humanum
901 2932 998 2975 suum
1017 2912 1138 2977 iecerit
1158 2913 1249 2977 Divi·

344 3027 434 3082 num,
452 3017 488 3070 et
507 3028 551 3070 ex
569 3006 637 3069 filio
654 3006 782 3069 Mariae
802 3005 846 3069 Se
867 3005 1012 3089 [fecerit]
1035 3007 1162 3072 Filium
1179 3009 1249 3072 Dei.

195 3116 224 3183 7.
256 3099 358 3183 Quod
379 3102 533 3165 Christus
551 3101 648 3182 Jesus
668 3102 715 3163 ita
740 3110 774 3163 et
799 3120 867 3163 non
886 3101 986 3164 aliter
1005 3104 1160 3182 potuerit
1179 3124 1251 3167 esse

342 3197 376 3258 in
395 3196 527 3278 angelis
550 3205 586 3259 et
609 3194 813 3270 hominibus,
833 3214 873 3257 ac
896 3195 1011 3277 angeli
1034 3206 1072 3259 et
1096 3197 1252 3262 homines

342 3291 488 3374 inipso

196 3387 224 3450 8.
256 3385 324 3450 Sed
347 3386 424 3469 quia
447 3385 555 3448 Maria
578 3384 691 3447 Mater
711 3384 820 3465 Ipsius
839 3394 960 3466 postea
978 3390 1255 3467 repraesentavit

342 3479 533 3553 ecclesiam,
553 3479 643 3561 quod
667 3479 700 3541 in
723 3478 783 3541 illo
804 3477 959 3561 respectu
977 3481 1194 3546 nominanda
1213 3486 1256 3547 sit

343 3574 456 3637 Mater
475 3574 593 3655 Ipsius

194 3687 224 3752 9.
257 3666 358 3751 Quod
375 3667 541 3745 Christus,
559 3690 635 3733 cum
655 3670 688 3733 in
707 3669 857 3732 humano
874 3669 995 3734 Matris
1014 3670 1088 3746 suit,
1107 3672 1140 3735 in
1162 3684 1258 3737 statu

342 3775 584 3838 exinanitionis
597 3775 694 3838 fuerit
707 3795 715 3854 ;
736 3795 775 3837 ac
789 3776 926 3849 tentari,
937 3775 1172 3857 reprobari,et
1186 3780 1259 3861 pati

342 3870 504 3950 potuerit.

178 3978 224 4026 10.
257 3960 358 4044 Quod
384 3963 419 4025 in
446 3963 510 4027 hoc
535 3973 629 4027 statu
652 3964 799 4027 oraverit
823 3964 866 4027 ad
895 3964 1042 4041 Patrem,
1066 3967 1148 4049 quia
1174 3978 1259 4034 tunc

342 4066 416 4120 erat
435 4058 523 4122 sicut
541 4058 664 4121 absens
683 4059 727 4122 ab
748 4057 823 4122 Illo.
