2776 5040
136 435 177 499 28
607 443 779 497 CORONIS.

136 615 284 678 existere
299 614 446 696 potuerit
463 613 525 676 nisi
540 633 585 676 ex
601 613 727 677 mundo
742 613 916 697 spirituali,
929 625 1182 697 consequenter
1193 634 1246 680 nec

136 709 328 781 subsistere,
356 707 513 790 quoniam
540 707 759 771 subsistentia
785 718 838 772 est
867 719 1033 790 perpetua
1060 711 1247 774 existentia

138 802 198 886 (2.)
230 800 330 883 Quod
350 821 417 864 non
434 801 553 863 dabilis
572 801 615 865 sit
635 801 791 865 Ecclesia
805 801 894 884 apud
913 803 1089 866 hominem
1105 805 1170 866 nisi
1188 803 1249 884 ejus

136 898 303 960 internum
316 897 359 958 sit
372 893 543 978 spirituale
559 904 594 958 et
607 905 787 959 externum
800 895 962 959 naturale.
1001 895 1162 960 Ecclesia
1177 918 1250 980 pure

136 990 315 1074 spiritualis
328 1010 395 1052 non
406 991 514 1063 datur,
526 1009 587 1052 nec
601 988 756 1053 Ecclesia
766 1010 857 1053 mere
869 990 1042 1053 naturalis.
1083 989 1147 1072 (3.)
1168 990 1250 1056 Con·

136 1095 317 1166 sequenter
335 1083 425 1166 quod
448 1103 516 1146 non
535 1083 646 1166 aliqua
665 1082 830 1158 Ecclesia,
850 1104 958 1164 neque
977 1084 1107 1167 aliquid
1136 1085 1251 1149 Eccle-

136 1179 205 1241 siae
227 1179 315 1259 apud
338 1177 520 1252 hominem,
536 1179 736 1240 exsuscitari
759 1179 865 1259 possit
889 1178 951 1239 nisi
973 1179 1017 1239 sit
1040 1177 1176 1240 caelum
1198 1199 1251 1241 an·

136 1272 292 1353 gelicum,
312 1291 371 1353 per
388 1269 478 1353 quod
501 1292 521 1333 a
545 1271 692 1334 Domino
714 1291 816 1334 omne
838 1271 1011 1352 spirituale
1030 1272 1205 1336 derivatur
1221 1284 1252 1336 et

137 1366 322 1430 descendit.
368 1363 428 1446 (4.)
460 1363 545 1428 Cum
563 1385 646 1446 ergo
664 1365 836 1447 spirituale
858 1374 894 1428 et
913 1365 1069 1427 naturale
1088 1367 1137 1428 sic
1158 1385 1252 1429 unum

137 1460 273 1533 iaciunt,
292 1461 441 1541 sequitur
458 1459 549 1540 quod
571 1479 672 1521 unum
692 1459 818 1541 absque
836 1458 945 1522 altero
963 1478 1032 1521 non
1051 1461 1205 1524 existere
1221 1470 1252 1524 et

137 1554 318 1617 subsistere
344 1554 461 1634 possit,
487 1572 553 1614 non
577 1552 707 1615 caelum
731 1552 921 1634 angelicum
945 1553 1074 1635 absque
1102 1553 1254 1617 Ecclesia

136 1648 225 1730 apud
238 1648 423 1718 hominem,
442 1666 526 1709 neve
545 1645 698 1709 Ecclesia
716 1646 805 1727 apud
823 1647 911 1710 hunc
930 1647 1059 1728 absque
1079 1647 1178 1711 caelo
1195 1669 1253 1711 an·

136 1740 266 1823 gelico;
290 1740 461 1823 spirituale
477 1741 565 1802 enim
582 1740 644 1802 nisi
661 1740 777 1803 influat
793 1750 828 1803 et
845 1741 978 1803 desinat
993 1742 1028 1802 in
1045 1742 1203 1805 naturale
1219 1753 1252 1808 et

105 1838 109 1844 ’
136 1837 170 1898 in
189 1836 254 1898 hoc
274 1836 434 1917 quiescat,
454 1843 507 1896 est
526 1834 611 1896 sicut
630 1835 719 1914 prius
737 1835 863 1917 absque
881 1831 1085 1915 posteriori}¹¹
1104 1836 1153 1899 ita
1171 1837 1253 1901 sicut

137 1950 237 1993 causa
255 1928 401 1991 efficiens
418 1928 544 2008 absque
559 1925 688 2000 effectu,
705 1947 744 1990 ac
763 1929 850 1990 sicut
866 1926 1013 1991 activum
1030 1929 1160 2011 absque
1179 1951 1253 2012 pas·

137 2025 218 2098 sivo,
238 2023 328 2106 quod
351 2023 437 2084 soret
456 2023 541 2084 sicut
560 2023 631 2084 avis
654 2033 817 2104 perpetuo
836 2022 954 2084 volans
978 2023 1010 2084 in
1031 2043 1111 2086 aere
1129 2024 1252 2107 absque

136 2118 248 2199 aliqua
270 2118 349 2180 sede
372 2118 404 2178 in
428 2125 537 2193 terra;
561 2126 595 2178 et
619 2127 671 2179 est
695 2118 781 2179 sicut
804 2136 900 2179 mens
922 2117 1068 2179 hominis
1091 2128 1253 2201 perpetuo

136 2213 292 2292 cogitans
308 2220 342 2273 et
355 2210 472 2273 volens
485 2210 610 2293 absque
622 2209 734 2291 aliquo
747 2230 876 2291 organo
888 2211 1040 2272 sensorio
1056 2221 1092 2273 et
1109 2214 1252 2276 motorio

135 2306 169 2368 in
193 2325 343 2386 corpore,
363 2305 406 2367 ad
426 2300 543 2387 quod¹'¹
562 2304 747 2368 descendat
770 2314 805 2368 et
828 2305 992 2385 producat
1016 2325 1098 2367 suae
1122 2308 1251 2386 cogita·

136 2400 236 2462 tionis
250 2400 351 2472 ideas,
365 2409 399 2461 et
415 2409 572 2479 operetur
584 2419 662 2461 suae
675 2399 861 2461 voluntatis
874 2409 1026 2461 conatus.
1070 2398 1133 2480 (5).
1158 2399 1251 2463 Haec

138 2492 244 2575 [sunt]
268 2493 372 2555 allata
391 2503 528 2573 propter
547 2492 646 2554 finem
667 2504 701 2555 ut
726 2494 925 2574 percipiatur
944 2502 1001 2554 aut
1019 2494 1146 2555 sciatur
1164 2494 1250 2575 quod

135 2589 222 2650 sicut
239 2587 380 2648 mundus
397 2587 557 2648 naturalis
576 2607 643 2649 non
661 2587 779 2650 dabilis
796 2598 848 2649 est
864 2587 991 2667 absque
1011 2588 1139 2650 mundo
1158 2589 1249 2669 spiri·

135 2681 228 2754 tuali,
240 2702 278 2744 ac
292 2683 461 2763 reciproce
474 2682 616 2743 mundus
630 2680 807 2763 spiritualis
820 2682 946 2762 absque
958 2682 1084 2742 mundo
1096 2684 1247 2756 naturali,

135 2777 183 2838 ita
206 2795 272 2836 non
297 2774 450 2837 Ecclesia
472 2777 504 2836 in
529 2777 624 2838 terris
648 2773 735 2836 nisit]
754 2777 797 2837 sit
821 2774 950 2837 caelum
973 2775 1168 2855 angelicum
1191 2798 1248 2858 per

135 2869 224 2951 quod
246 2870 372 2931 existat
391 2879 425 2930 et
445 2870 616 2942 subsistat,
636 2889 674 2930 ac
695 2870 863 2950 reciproce
883 2888 949 2930 non
969 2867 1101 2930 caelum
1122 2870 1247 2950 angeli·

135 2982 210 3024 cum
235 2964 296 3024 nisi
318 2965 361 3025 sit
389 2962 542 3024 Ecclesia
565 2965 597 3024 in
622 2964 727 3025 terris.
788 2961 848 3043 (6.)
880 2961 1007 3043 Angeli
1032 2963 1096 3025 hoc
1121 2966 1247 3040 sciunt;

135 3076 236 3139 quare
263 3057 382 3119 acerbe
410 3056 637 3118 lamentantur
662 3056 797 3137 quando
825 3055 978 3117 Ecclesia
1007 3057 1040 3117 in
1070 3058 1166 3119 terris
1193 3078 1247 3139 per

135 3149 218 3212 salsa
236 3151 408 3212 desolatur
427 3161 460 3212 et
485 3172 543 3232 per
562 3150 650 3212 mala
672 3160 933 3222 consummatur,
954 3169 992 3211 ac
1017 3160 1098 3213 tunc
1123 3162 1246 3214 statum

134 3245 224 3306 vitae
237 3265 314 3306 suae
331 3245 548 3325 aequiparant
561 3243 826 3319 somnolentiae;
846 3254 899 3305 est
915 3245 1004 3304 enim
1022 3253 1103 3306 tunc
1118 3245 1245 3307 caelum

134 3339 198 3401 illis
211 3341 295 3401 sicut
309 3339 427 3400 solium
442 3336 660 3412 subtracium,
674 3348 708 3400 et
722 3339 806 3399 sicut
820 3358 940 3419 corpus
952 3337 1077 3399 ablatis
1091 3340 1245 3419 pedibus;

134 3442 170 3495 at
189 3434 268 3495 dum
293 3432 447 3495 Ecclesia
469 3434 501 3494 in
522 3435 618 3494 terris
637 3453 656 3495 a
680 3433 827 3494 Domino
846 3442 1034 3494 restaurata
1052 3443 1117 3504 est,
1137 3434 1245 3515 aequi·

134 3538 254 3609 parant
274 3537 400 3589 statum
420 3528 509 3588 vitae
528 3547 606 3588 suae
625 3527 767 3607 vigiliae.

197 3637 267 3684 2⁰.
307 3619 407 3700 Quod
443 3621 606 3682 Dominus
639 3641 697 3701 per
730 3639 854 3681 novum
888 3619 1016 3681 caelum
1052 3620 1182 3684 derivet
1214 3630 1246 3684 et

134 3714 297 3795 producat
318 3733 439 3775 novam
463 3714 652 3776 Ecclesiam
675 3715 707 3775 in
730 3714 827 3776 terris
851 3734 908 3794 per
927 3713 1172 3777 revelationem
1192 3736 1245 3777 ve-

134 3807 270 3868 ritatum
295 3828 338 3869 ex
362 3828 422 3869 suo
449 3829 506 3870 ore
532 3820 589 3871 aut
616 3831 659 3871 ex
688 3831 748 3871 suo
771 3808 897 3880 Verbo,
922 3819 956 3870 et
983 3810 1245 3890 inspirationem,

134 3901 166 3961 in
191 3897 417 3963 transactione
441 3902 483 3963 de
509 3914 651 3984 quatuor
674 3903 835 3965 Ecclesiis
862 3904 895 3964 in
922 3923 982 3964 suo
1005 3903 1134 3976 ordine,
1158 3922 1245 3965 cum·

134 3994 247 4075 primis
273 3994 315 4057 de
343 3994 496 4057 Ecclesia
520 3996 704 4059 israelitica
731 4007 765 4059 et
792 3997 835 4059 de
861 3997 1023 4058 hodierna
1047 3996 1246 4067 Christiana,

134 4087 428 4151 demonstrabitur.
494 4089 673 4153 Sciendum
707 4100 758 4153 est
792 4090 882 4172 quod
916 4091 1052 4170 quando
1086 4091 1245 4153 infernum

133 4184 309 4255 succrevit,
338 4193 371 4245 et
403 4194 650 4264 transgressum
677 4195 729 4247 est
756 4185 973 4247 interstitium
1003 4203 1165 4266 magnum
1192 4205 1247 4246 seu

132 4276 261 4339 hiatum
280 4274 474 4339 firmatumv
490 4279 576 4341 inter
592 4300 628 4341 se
647 4289 681 4342 et
701 4278 831 4341 caelum
854 4276 943 4359 (Luc.
961 4279 1029 4339 xvi.
1047 4277 1116 4359 26),
1134 4288 1169 4341 et
1188 4300 1246 4341 ex-

134 4371 211 4434 tulit
238 4382 371 4453 tergum
398 4392 492 4434 suum
523 4394 627 4454 usque
657 4374 689 4434 in
716 4372 860 4435 confinia
886 4371 1056 4435 caelorum
1087 4373 1143 4436 ubi
1173 4383 1248 4434 sunt
