2776 5040
458 490 639 555 Danova
661 498 938 553 munosouvun

653 929 734 1015 [XL]

519 1162 594 1238 DE
638 1165 869 1241 MERITO.

133 1550 214 1604 15⁰.

140 1599 339 1952 QUI
362 1605 454 1669 bona
475 1605 602 1671 faciunt
626 1615 663 1670 ut
686 1616 890 1682 mereantur,
911 1626 979 1670 non
1009 1605 1138 1672 faciunt
1165 1605 1257 1670 bona

314 1721 358 1765 ex
378 1719 494 1764 amore
509 1701 601 1776 boni,
618 1701 678 1766 sed
697 1723 742 1764 ex
759 1720 875 1764 amore
891 1700 1077 1779 mercedis;
1103 1701 1255 1784 namqui

90 1828 92 1832 Α
315 1795 388 1857 vult
402 1795 521 1859 mereri
538 1795 566 1857 is
578 1794 652 1858 vult
668 1795 892 1859 remunerari:
916 1794 965 1858 ilii
980 1795 1037 1878 qui
1052 1796 1103 1858 ita
1114 1794 1254 1869 faciunt,

310 1889 495 1971 jucundum
511 1886 668 1971 spediant
687 1898 723 1952 et
742 1898 874 1971 ponunt
892 1889 926 1951 in
943 1890 1113 1964 mercede,
1130 1899 1168 1954 et
1188 1909 1254 1954 non

135 1982 168 2046 in
187 1983 300 2062 bono;
324 2003 427 2066 quare
444 2003 511 2045 non
528 1981 719 2065 spirituales
735 1992 826 2056 sunt,
843 1982 904 2046 sed
923 1983 1108 2048 naturales.

95 2078 97 2087 ’
194 2094 286 2164 151.
315 2079 445 2143 Facere
467 2077 595 2141 bonum
620 2077 713 2160 quod
741 2087 796 2141 est
821 2077 962 2152 bonum,
980 2079 1045 2142 erit
1067 2099 1115 2142 ex
1137 2099 1256 2145 amore

135 2171 227 2247 boni,
246 2173 296 2235 ita
319 2180 459 2254 propter
477 2171 614 2233 bonum.
660 2170 714 2233 Ilii
733 2170 788 2253 qui
812 2171 845 2232 in
869 2191 911 2233 eo
933 2190 1050 2234 amore
1073 2181 1167 2248 sunt,
1188 2193 1256 2237 non

134 2265 256 2330 volunt
272 2266 387 2329 audire
405 2265 448 2328 de
467 2264 600 2338 merito,
614 2282 693 2327 nam
712 2273 830 2327 amant
850 2263 972 2338 iacere,
992 2275 1027 2328 et
1048 2265 1081 2328 in
1101 2286 1143 2329 eo
1166 2266 1256 2330 saus·

135 2370 209 2423 tum
236 2359 446 2441 percipiunt;
477 2367 512 2421 et
539 2359 613 2421 vice
635 2378 733 2421 versa
759 2359 1018 2433 contristantur,
1043 2360 1070 2422 si
1097 2361 1257 2425 credatur

136 2454 226 2536 quod
239 2452 297 2516 fiat
312 2462 451 2534 propter
463 2451 599 2533 aliquod
613 2452 672 2514 sui.
707 2450 750 2516 Se
762 2452 892 2515 habent
906 2451 964 2514 illa
977 2473 1086 2534 paene
1099 2455 1188 2523 sicut
1201 2456 1256 2538 qui

137 2549 263 2610 bonum
286 2546 412 2610 faciunt
436 2547 552 2609 amicis
575 2547 745 2609 amicitiae
772 2566 884 2621 causa,
910 2546 1002 2610 fratri
1031 2547 1257 2614 fraternitatis

137 2661 250 2714 causa,
271 2641 369 2703 uxori
391 2650 426 2703 et
451 2639 563 2703 liberis
586 2642 703 2703 uxoris
727 2650 762 2704 et
785 2640 966 2703 liberorum
990 2660 1103 2718 causa,
1125 2645 1257 2725 patriae

49 2783 51 2789 .
138 2736 268 2817 patriae
276 2731 393 2808 causa,
407 2735 456 2796 ita
472 2754 517 2796 ex
533 2734 682 2798 amicitia
699 2744 734 2798 et
750 2754 885 2810 amore;
910 2733 969 2809 illi,
983 2736 1038 2818 qui
1055 2735 1144 2799 bene
1160 2737 1256 2820 cogi·

137 2838 225 2904 tant,
251 2831 356 2892 etiam
383 2829 500 2891 dicunt
528 2838 563 2891 et
591 2830 797 2909 persuadent
824 2828 915 2912 quod
944 2848 1013 2891 non
1040 2829 1257 2896 benefaciant

137 2933 276 3005 propter
292 2943 328 2985 se
344 2923 404 2985 sed
421 2933 560 3004 propter
576 2921 663 2985 illos.

197 3032 289 3100 152.
318 3018 372 3080 illi
396 3019 451 3099 qui
473 3018 602 3080 bonurn
624 3016 753 3080 iaciunt
777 3019 944 3082 mercedis
967 3038 1080 3093 causa,
1100 3038 1171 3084 uon
1194 3021 1256 3085 bo·

137 3110 216 3172 num
233 3110 359 3173 iaciunt
377 3131 398 3172 a
417 3109 576 3183 Domino,
593 3109 652 3171 sed
671 3129 691 3171 a
710 3120 841 3188 semet;
865 3130 944 3173 narn
961 3108 1120 3191 spedtant
1135 3133 1173 3176 se
1190 3115 1258 3196 pri·

137 3205 254 3277 mario,
279 3205 357 3286 quia
383 3223 478 3266 suum
506 3203 652 3280 bonum;
683 3223 722 3266 ac
750 3203 876 3266 bonum
906 3205 1063 3286 proximi,
1088 3207 1180 3288 quod
1204 3218 1258 3272 est

138 3299 264 3361 bonum
284 3299 445 3368 concivis,
466 3298 642 3360 societatis
661 3296 841 3370 humanae,
860 3299 1002 3380 patriae,
1023 3309 1058 3362 et
1078 3300 1257 3377 ecclesiae,

138 3411 205 3454 non
230 3388 387 3473 spedtant
412 3393 472 3454 nisi
498 3411 598 3473 quam
627 3401 664 3455 ut
691 3392 839 3454 medium
862 3391 906 3454 ad
934 3391 1046 3455 finem.
1091 3393 1178 3459 Inde
1204 3407 1258 3461 est

137 3486 228 3569 quod
247 3487 279 3548 in
299 3487 390 3548 bono
407 3487 517 3549 meriti
537 3485 645 3548 lateat
662 3485 787 3548 bonum
804 3487 930 3549 amoris
948 3488 999 3549 sui
1018 3497 1056 3551 et
1076 3490 1205 3562 mundi,
1222 3499 1258 3554 et

137 3580 171 3644 id
200 3581 327 3643 bonum
358 3589 410 3642 est
440 3580 484 3643 ab
511 3580 649 3642 homine
679 3589 714 3643 et
745 3600 813 3643 non
843 3601 863 3643 a
891 3580 1061 3658 Domino;
1088 3592 1124 3645 et
1156 3603 1259 3649 omne

138 3675 264 3738 bonum
284 3675 374 3758 quod
398 3684 450 3736 est
470 3673 514 3736 ab
532 3674 670 3737 homine
689 3693 757 3736 non
777 3684 830 3738 est
849 3675 996 3752 bonum;
1020 3676 1136 3751 immo,
1150 3697 1259 3760 quan·

139 3779 213 3832 tum
232 3770 282 3831 sui
301 3779 335 3832 et
356 3769 471 3831 mundi
490 3769 524 3831 in
543 3767 603 3830 illo
622 3768 720 3841 latet,
737 3779 790 3832 est
809 3768 945 3831 malum.

199 3881 294 3948 153.
323 3865 481 3928 Genuina
509 3864 661 3927 charitas
687 3873 723 3927 et
752 3867 902 3946 genuina
930 3865 1015 3928 fides
1043 3875 1098 3929 est
1129 3866 1260 3951 absque

139 3960 231 4022 omni
250 3959 383 4031 merito,
403 3976 481 4019 nam
501 3955 686 4038 jucundum
710 3957 888 4021 charitatis
912 3968 964 4021 est
988 3959 1098 4040 ipsum
1118 3959 1259 4034 bonum,

140 4062 175 4116 et
191 4053 375 4134 jucundum
395 4050 472 4113 fidei
491 4062 544 4113 est
564 4051 672 4132 ipsum
691 4071 829 4127 verum;
857 4062 1063 4134 quapropter
1082 4052 1131 4116 iili
1151 4055 1208 4136 qui
1227 4054 1261 4118 in

140 4168 181 4210 ea
199 4147 370 4210 charitate
389 4156 424 4209 et
444 4144 509 4208 fide
533 4155 623 4219 sunt,
644 4146 755 4209 sciunt
774 4147 853 4229 quid
878 4146 1004 4209 bonum
1029 4166 1097 4210 non
1118 4150 1260 4214 merito·

139 4241 243 4315 rium,
254 4261 321 4304 non
338 4250 454 4304 autem
471 4239 519 4302 illi
535 4240 590 4322 qui
607 4241 724 4303 nonin
741 4241 910 4304 charitate
926 4250 962 4304 et
978 4240 1044 4305 fide
1061 4253 1154 4307 sunt.

200 4352 295 4419 154.
325 4335 427 4419 Quod
446 4356 514 4398 non
533 4335 726 4400 iaciendum
742 4337 786 4400 sit
809 4337 936 4400 bonum
955 4336 1126 4402 mercedis
1145 4359 1260 4416 causa,

140 4428 244 4494 docet
265 4430 342 4512 Ipse
361 4428 528 4492 Dominus
546 4430 636 4511 apud
651 4427 784 4505 Lucam,
