2776 5040
321 487 371 538 nr
393 488 479 554 uJus
502 488 699 541 uocrnrun
721 488 994 542 cantasti-n.
1012 495 1063 560 99.
1206 481 1246 561 65

136 659 224 724 bono
242 671 334 736 sunt,
356 670 427 725 tam
447 663 502 744 qui
525 662 558 725 in
578 663 677 726 terris
694 663 870 746 quamqui
892 664 925 726 in
949 662 1072 740 caelis,
1099 663 1148 725 ita
1171 682 1248 744 reg·

136 773 214 823 num
230 754 369 818 Domini
386 765 438 820 cst
458 756 589 819 Bonum
606 776 681 820 cum
698 758 790 820 omni
806 757 875 838 ejus
891 757 981 840 quali
1000 759 1033 820 in
1050 756 1247 839 complexu;

134 847 198 912 hoc
217 867 296 912 cum
314 858 458 924 amatur,
478 860 635 921 amantur
653 850 776 932 singuli
795 852 850 933 qui
869 852 903 914 in
922 852 1013 914 bono
1031 861 1121 915 sunt.
1222 844 1227 853 ’

191 940 269 1021 96.
298 940 345 1004 Hi
362 941 490 1022 gradus
505 951 584 1003 sunt
600 942 759 1023 proximi,
779 952 814 1005 ct
832 942 1021 1005 secundum
1040 942 1103 1004 hos
1120 943 1248 1024 gradus

133 1032 288 1095 ascendit
318 1051 413 1095 amor
434 1033 525 1114 apud
553 1033 630 1096 illos
659 1035 715 1117 qui
744 1035 778 1097 in
806 1053 923 1096 amore
950 1053 1032 1115 erga
1055 1035 1247 1115 proximum

133 1135 224 1190 sunt.
269 1123 338 1190 Sed
360 1126 395 1189 hi
413 1127 540 1208 gradus
559 1137 638 1190 sunt
657 1128 783 1209 gradus
806 1128 838 1191 in
858 1128 976 1191 ordine
995 1129 1197 1203 successivo,
1214 1130 1247 1191 in

132 1239 200 1302 quo
226 1221 482 1302 praeferendum
513 1231 566 1285 cst
598 1222 688 1304 prius
718 1242 777 1285 seu
807 1223 957 1303 superius
983 1223 1162 1304 posteriori
1188 1243 1248 1286 seu

132 1311 298 1390 inferiori;
317 1323 352 1377 et
369 1315 445 1396 quia
458 1313 625 1377 Dominus
640 1325 694 1379 est
710 1315 744 1377 in
760 1335 928 1396 supremo,
943 1325 979 1379 et
996 1316 1073 1398 lpse
1089 1313 1247 1397 spectan-

133 1404 195 1470 dus
208 1408 241 1470 in
258 1407 398 1490 singulis
411 1408 572 1489 gradibus
587 1418 625 1472 ut
640 1407 716 1471 finis
731 1409 774 1471 ad
790 1428 901 1491 quem,
919 1411 968 1472 ita
983 1419 1037 1472 est
1054 1410 1132 1492 Ipse
1147 1431 1247 1492 supra

133 1520 253 1565 omnes
275 1512 311 1566 et
334 1521 435 1583 supra
457 1503 571 1565 omnia
593 1503 768 1565 amandus.
814 1502 870 1566 Ex
897 1502 949 1565 his
977 1523 1065 1566 nunc
1089 1514 1248 1568 constare

132 1606 261 1676 potest,
272 1597 444 1679 quomodo
457 1615 552 1659 amor
563 1597 597 1659 in
611 1596 795 1660 Dominum
808 1617 844 1660 se
857 1597 1032 1679 conjungit
1043 1617 1119 1660 cum
1132 1617 1247 1662 amore

133 1708 215 1771 erga
233 1691 436 1773 proximum.

189 1793 263 1862 97.
291 1780 330 1843 In
347 1781 519 1843 communi
532 1800 692 1845 sermone
707 1792 773 1856 est,
790 1782 881 1863 quod
896 1783 1039 1864 quisque
1054 1783 1117 1844 sibi
1132 1784 1249 1864 proxi·

132 1889 207 1935 mus
224 1874 281 1947 sit,
302 1873 367 1936 hoc
387 1883 451 1946 est,
471 1873 562 1956 quod
582 1874 721 1955 quisque
740 1874 802 1936 sibi
822 1874 966 1955 primum
986 1873 1163 1951 consulet;
1186 1874 1247 1937 sed

131 1962 288 2030 doetrina
307 1967 484 2030 charitatis
504 1967 607 2031 docet
626 1968 798 2049 quomodo
817 1968 882 2031 hoc
901 1966 1163 2048 intelligendum
1182 1978 1245 2032 est.

130 2057 285 2143 Quisque
316 2062 379 2123 sibi
406 2061 588 2143 prospiciet
619 2071 655 2123 ut
687 2061 812 2124 habeat
837 2063 1061 2125 necessitates
1084 2063 1185 2135 vitae,
1210 2072 1246 2124 ut

125 2171 257 2237 nempe
272 2151 409 2228 victum,
424 2164 461 2217 ut
477 2152 648 2229 amioum,
662 2165 700 2219 ut
716 2155 975 2230 habitationem,
989 2166 1023 2218 et
1041 2155 1146 2236 plura,
1160 2176 1246 2238 quae

120 2245 157 2313 in
172 2250 250 2312 vita
263 2249 363 2323 civili,
377 2250 411 2311 in
426 2258 569 2332 quaest,
584 2251 774 2313 necessario
790 2250 1021 2331 requiruntur;
1045 2259 1081 2313 et
1097 2249 1161 2312 hoc
1178 2270 1246 2313 non

117 2342 236 2407 modo
261 2362 323 2424 pro
345 2363 382 2406 se
404 2344 464 2406 sed
488 2343 591 2406 etiam
616 2362 676 2423 pro
699 2343 778 2416 suis,
799 2362 861 2405 nec
881 2343 985 2405 modo
1009 2363 1069 2425 pro
1091 2353 1246 2425 tempore

115 2436 304 2515 praesenti
324 2436 383 2499 sed
403 2437 507 2499 etiam
525 2456 586 2518 pro
604 2446 771 2499 venturo:
796 2455 875 2498 nam
894 2437 957 2499 nisi
979 2438 1052 2519 quis
1071 2437 1133 2499 sibi
1152 2456 1246 2500 com-

115 2539 229 2610 parat
247 2531 471 2594 necessitates
487 2531 588 2604 vitae,
602 2550 669 2592 non
686 2539 801 2612 potest
815 2550 890 2593 esse
905 2531 939 2593 in
955 2540 1049 2593 statu
1062 2532 1246 2594 exercendi

115 2624 359 2701 charitatem,
383 2625 416 2685 in
436 2625 585 2686 omnium
605 2624 694 2687 enim
711 2633 868 2705 egestate
888 2633 951 2687 est.

183 2719 264 2801 98·
292 2717 360 2782 Sed
382 2720 556 2802 quomodo
577 2720 718 2802 quisque
740 2718 803 2781 sibi
829 2720 1006 2801 proximus
1028 2740 1102 2783 esse
1127 2720 1244 2794 debet,

115 2821 291 2878 :onstare
314 2821 431 2893 potest
454 2831 499 2873 ex
517 2810 583 2873 hoc
601 2811 701 2874 simili
714 2809 918 2893 2—Quisque
931 2811 1122 2892 prospicere
1141 2812 1245 2876 debet

115 2906 265 2989 :orpori
281 2925 343 2969 suo
355 2902 445 2968 virtu
459 2914 494 2968 et
511 2902 657 2981 amietm
680 2904 746 2968 hoc
763 2906 906 2987 primum
918 2907 993 2978 erit,
1007 2906 1068 2968 sed
1084 2906 1129 2968 ob
1144 2904 1245 2968 finem

115 3011 154 3066 rt
186 3018 290 3063 mens
312 3018 395 3062 sana
418 2999 462 3060 sit
485 2999 519 3061 in
543 3018 683 3079 corpore
707 3017 810 3072 sano;
838 2999 1034 3080 etquisque
1054 3000 1245 3081 prospicere

115 3095 233 3160 lebet
252 3093 359 3155 menti
375 3112 436 3155 suo
451 3089 553 3165 victu,
571 3111 693 3173 nempe
710 3090 834 3154 talibus
851 3112 937 3174 quae
952 3101 1031 3154 sunt
1048 3091 1245 3174 intelligen-

115 3192 194 3256 :iae
209 3196 248 3251 et
261 3187 459 3268 sapientiae,
474 3186 519 3248 ob
534 3185 635 3249 finem
649 3197 685 3249 ut
702 3184 760 3248 illa
772 3186 851 3248 inde
866 3186 899 3247 in
912 3195 1005 3248 statu
1018 3186 1061 3249 sit
1078 3187 1245 3250 serviendi

115 3279 275 3354 :oncivi
292 3280 449 3342 societati
469 3279 648 3355 humanae,
662 3281 792 3361 patriae
811 3289 846 3342 et
865 3279 1040 3354 ecclesiae,
1058 3280 1107 3342 ita
1124 3279 1244 3342 Domi-

115 3398 189 3455 10;
216 3375 275 3457 qui
294 3373 359 3437 hoc
378 3373 514 3448 facitis
533 3374 595 3436 sibi
611 3374 772 3456 prospicit
789 3373 876 3437 bene
894 3374 928 3435 in
947 3383 1142 3437 aeternum:
1166 3374 1245 3437 inde

115 3477 226 3537 ›atet
257 3469 346 3550 quod
374 3469 516 3549 primum
544 3468 599 3542 sit,
624 3467 679 3530 ubi
706 3465 780 3529 finis
803 3476 942 3549 propter
964 3486 1075 3548 quem,
1100 3486 1178 3530 nam
1201 3468 1245 3531 ad

119 3565 223 3630 llum
254 3558 412 3643 spedtant
442 3562 566 3624 omnia.
612 3559 656 3625 Se
685 3582 819 3644 quoque
847 3560 912 3623 hoc
942 3559 1047 3623 habet
1077 3561 1164 3623 sicut
1189 3563 1244 3644 qui

115 3655 299 3726 :onstruit
322 3654 480 3732 domum;
504 3655 611 3736 primo
635 3664 740 3736 ponet
759 3654 1026 3727 fundamentum,
1047 3654 1107 3716 sed
1126 3654 1244 3718 funda-

115 3760 284 3818 mentum
312 3749 375 3812 crit
403 3768 463 3829 pro
491 3749 604 3823 domo,
629 3759 664 3812 et
691 3749 812 3812 domus
839 3769 900 3831 pro
926 3748 1157 3811 habitatione:
1189 3750 1247 3831 qui

115 3844 238 3912 :redit
258 3843 320 3906 sibi
338 3845 530 3926 proximum
547 3862 620 3906 esse
640 3843 748 3924 primo
767 3842 855 3916 loco,
876 3844 903 3905 is
922 3842 1040 3905 similis
1059 3852 1112 3906 est
1134 3843 1165 3906 ei
1187 3845 1244 3925 qui

115 3935 264 4027 spectat
283 3936 539 4001 fundamentum
558 3946 596 4001 ut
618 3935 730 4011 finem,
751 3955 818 3999 non
838 3937 975 4001 domum
999 3945 1035 4000 et
1058 3936 1244 4000 habitatio·

115 4051 228 4110 aem;
253 4050 329 4094 cum
346 4041 461 4095 tamen
478 4030 648 4094 habitatio
660 4040 713 4093 est
725 4031 797 4113 ipse
814 4029 888 4093 finis
901 4032 1026 4113 primus
1039 4039 1075 4092 et
1091 4030 1242 4105 ultimus,

115 4151 159 4196 ac
184 4127 312 4191 domus
330 4143 406 4188 cum
426 4124 648 4188 fundamento
666 4134 719 4188 est
739 4125 842 4187 modo
861 4125 1007 4188 medium
1026 4124 1069 4187 ad
1088 4123 1199 4187 finem.

182 4233 264 4300 99.
296 4214 390 4279 Finis
418 4214 573 4279 declarat
601 4215 774 4297 quomodo
802 4216 944 4298 quisque
973 4216 1036 4278 sibi
1065 4216 1243 4296 proximus

115 4312 201 4384 erit,
222 4327 263 4372 ac
282 4306 345 4370 sibi
365 4306 507 4388 primum
527 4304 704 4384 consulet;
731 4307 759 4369 si
777 4304 852 4369 finis
871 4307 914 4369 sit
938 4316 975 4369 ut
994 4306 1141 4369 ditescat
1160 4325 1241 4389 prae

115 4403 200 4469 {iiis
229 4400 344 4465 solum
373 4401 564 4465 divitiarum
594 4418 707 4477 causa,
737 4400 793 4464 vel
822 4399 1010 4483 voluptatis
1042 4419 1154 4476 causa,
1186 4400 1242 4466 vel
