2776 5040
177 460 1111 549 uovuucnauuuaruovuurunsnuuunnsn.-u.
1124 481 1172 561 36.
1214 496 1256 561 47

135 676 175 732 et
194 667 248 731 cui
473 732 475 737 ,

475 753 491 775 “
502 751 642 801 Benedixit
654 750 728 801 Deus
737 749 751 769 ”
762 750 874 812 (Grnix.
888 750 926 814 1);

134 913 174 968 et
193 923 214 965 a
232 922 299 986 quo
317 900 392 966 solo
408 921 485 964 cum
504 901 610 963 tribus
630 899 741 964 liberis
760 901 952 983 superstite,

410 1050 564 1113 “Dispersa
575 1060 617 1100 est
629 1059 686 1100 tota
697 1049 788 1099 terra''
798 1049 871 1111 (Gen.
883 1051 917 1099 ix.
931 1049 980 1113 19).

134 1185 251 1250 Sicine
273 1185 476 1249 hereditaria
498 1185 758 1267 generationum
784 1206 830 1247 ex
853 1184 992 1248 Adamo
1017 1186 1105 1250 sicut
1131 1185 1257 1252 diluvio

134 1281 311 1344 submersa
334 1279 624 1361 exstirparentur?
668 1277 746 1355 Sed,
765 1281 810 1342 mi
832 1280 951 1355 amice,
969 1281 1119 1362 aperiam
1141 1301 1257 1345 veram

134 1376 379 1456 scaturiginem
394 1384 614 1456 peccatorum
626 1371 792 1437 :-Omne
808 1373 934 1438 malum
951 1377 1141 1456 concipitur
1156 1396 1175 1438 a
1195 1376 1256 1440 Di·

134 1469 240 1533 abolo
259 1479 296 1532 ut
314 1478 421 1551 patre,
441 1477 477 1531 et
496 1469 646 1530 nascitur
664 1489 709 1531 ex
729 1466 793 1530 fide
812 1469 993 1532 atheistica
1012 1479 1048 1532 ut
1068 1481 1196 1550 matre;
1220 1482 1256 1535 et

134 1564 295 1638 vicissim,
315 1582 416 1626 omne
434 1562 561 1625 bonum
585 1563 773 1644 concipitur
792 1583 836 1626 ex
860 1562 1009 1625 Domino
1032 1572 1069 1626 ut
1091 1573 1199 1646 patre,
1220 1576 1255 1629 et

135 1658 286 1721 nascitur
298 1677 343 1719 ex
356 1654 421 1718 fide
434 1655 606 1719 salutifera
621 1657 655 1718 in
670 1655 784 1737 Ipsum
802 1667 838 1720 ut
855 1668 973 1719 matre.
1008 1656 1255 1722 Generationes

134 1752 286 1815 omnium
306 1751 471 1813 bonorum
490 1751 523 1813 in
542 1749 680 1813 infinitis
696 1750 764 1813 suis
779 1751 1020 1813 variationibus
1036 1751 1125 1833 apud
1144 1752 1254 1816 homi·

134 1866 197 1910 nes
216 1866 285 1910 non
304 1855 382 1908 sunt
402 1846 464 1907 nisi
483 1865 583 1928 quam
600 1866 645 1908 ex
665 1844 822 1926 conjugio
842 1845 980 1908 Domini
998 1855 1033 1908 et
1057 1845 1253 1926 Ecclesiae;

134 1952 172 2005 et
195 1962 214 2004 e
237 1952 368 2014 contra,
388 1941 627 2020 generationes
646 1941 796 2003 omniurn
815 1938 981 2002 maiorum
1003 1941 1037 2003 in
1060 1943 1127 2005 suis
1145 1944 1253 2006 varia·

133 2036 284 2101 tionibus
299 2034 388 2116 apud
404 2033 480 2097 illos
496 2054 564 2097 non
581 2044 660 2097 sunt
676 2035 739 2097 nisi
754 2054 854 2116 quam
871 2055 916 2097 ex
933 2036 1102 2098 connubio
1118 2036 1253 2101 Diaboli

134 2150 214 2193 cum
240 2128 380 2211 profana
406 2129 685 2209 congregatione.
731 2127 814 2209 Quis
841 2148 910 2191 non
938 2131 1043 2203 novit,
1068 2141 1126 2194 aut
1153 2152 1253 2195 nosse

134 2232 263 2307 potest,
281 2222 371 2305 quod
393 2222 497 2285 homo
516 2242 536 2284 a
555 2222 704 2285 Domino
722 2223 973 2303 regenerandus
992 2225 1047 2299 sit,
1065 2225 1129 2288 hoc
1149 2236 1213 2301 est,
1234 2248 1252 2291 e

134 2338 227 2382 novo
245 2317 420 2391 creandus,
440 2326 475 2379 et
499 2316 589 2399 quod
608 2326 772 2399 quantum
791 2317 855 2381 hoc
879 2317 917 2381 fit
941 2329 1075 2382 tantum
1099 2322 1132 2383 in
1156 2322 1252 2384 bonis

134 2410 203 2474 sit?
247 2410 331 2473 lnde
347 2411 565 2493 consequitur
580 2410 656 2485 hoc,
674 2411 764 2494 quod
783 2412 897 2487 homo,
915 2424 1077 2495 quantum
1095 2434 1163 2477 non
1179 2415 1252 2479 vult

134 2525 155 2568 e
178 2524 269 2567 novo
291 2506 445 2586 generari
468 2524 527 2567 seu
550 2525 568 2568 e
592 2525 682 2567 novo
705 2506 821 2581 creari,
846 2516 980 2569 tantum
1004 2509 1117 2571 trahat
1141 2519 1176 2572 et
1199 2531 1251 2573 re·

134 2600 244 2663 tineat
267 2599 357 2661 mala
379 2600 575 2681 parentibus
598 2599 665 2662 suis
687 2600 800 2663 insita.
846 2599 922 2664 Hoc
947 2610 1000 2664 est
1022 2603 1113 2687 quod
1131 2624 1251 2668 recon-

88 2711 91 2714 “
133 2693 243 2756 ditum
262 2692 349 2757 latet
367 2695 400 2756 in
421 2693 531 2757 Primo
551 2693 737 2776 Praecepto
757 2693 941 2777 Decalogi:

185 2841 205 2866 ‘⁸
213 2839 287 2904 Ego.
300 2877 307 2891 .
320 2879 325 2891 .
338 2878 345 2891 .
358 2840 431 2890 Deus
443 2841 550 2899 zelotes,
564 2841 677 2891 visitans
689 2842 855 2905 iniquitatem
867 2852 972 2905 patrum
984 2858 1064 2906 super
1080 2845 1157 2904 filios,
1172 2861 1252 2909 super

265 2907 370 2956 tertiam
382 2916 409 2955 et
426 2921 506 2969 super
518 2917 639 2970 quartam
651 2908 852 2969 generationem
865 2909 927 2956 odio
938 2910 1093 2959 habentium
1107 2910 1169 2966 Me:
1189 2912 1252 2962 iaci-

264 2987 313 3021 ens
330 2982 419 3021 autem
438 2972 646 3021 misericordiam
669 2973 696 3020 in
714 2973 839 3022 millenos
856 2983 978 3023 amantes
1001 2974 1055 3035 Me,
1074 2985 1102 3026 et
1122 2976 1251 3028 iacientes

264 3046 406 3101 praecepta
419 3036 502 3086 Mea''
514 3037 607 3099 (Exod.
619 3052 663 3088 xx.
677 3050 699 3097 5,
711 3038 741 3098 ⁶3
759 3038 880 3089 Dentav.
892 3054 916 3102 q,
930 3040 977 3102 ιο).

193 3209 266 3290 36.
295 3207 357 3281 (vi.)
379 3207 492 3270 Sextus
512 3212 615 3271 status
638 3209 786 3270 dominum
806 3211 896 3291 hujus
916 3211 1086 3284 Ecclesiae,
1108 3213 1163 3294 qui
1183 3214 1250 3287 fuir,

131 3303 204 3384 pest
218 3298 354 3361 Uttimum
367 3297 529 3370 dedicioni,
545 3297 678 3360 fieretis
688 3299 831 3362 fidelium
842 3302 884 3361 ud
896 3301 999 3372 Beurn,
1011 3303 1168 3383 exquibus
1183 3303 1252 3368 iue-

135 3394 198 3451 tum
219 3392 270 3450 est
288 3406 393 3449 uorum
413 3387 751 3459 castamserram
771 3389 934 3452 infidelium
955 3412 974 3451 u
996 3392 1069 3463 Dee,
1085 3411 1126 3454 ex
1145 3395 1252 3475 quibus

136 3483 253 3545 {actum
268 3486 319 3543 est
331 3499 435 3543 uorum
449 3480 698 3544 internum—In
721 3484 911 3563 praemissis
930 3503 1029 3564 supra
1050 3483 1084 3567 (a
1103 3506 1134 3548 n.
1155 3501 1194 3549 10
1206 3488 1250 3550 ad

139 3594 186 3658 13,
207 3586 242 3640 et
261 3597 281 3639 a
300 3596 331 3638 n.
356 3593 393 3654 14
411 3576 453 3638 ad
477 3576 540 3659 17),
559 3577 733 3640 evolutum
752 3588 805 3640 est
824 3577 913 3659 quod
933 3588 1011 3659 post
1034 3598 1249 3645 consumma·

134 3673 264 3735 tionem
284 3691 382 3752 super
401 3691 520 3734 omnes
543 3673 598 3754 qui
621 3671 754 3735 suerunt
772 3672 815 3734 ab
832 3674 1015 3753 unaquavis
1035 3672 1190 3738 Ecclesia
1205 3696 1250 3738 ex

135 3774 279 3847 quatuor
301 3767 595 3846 supranominatis,
620 3763 744 3829 sadtum
768 3767 812 3828 sit
836 3765 989 3829 ultimum
1020 3767 1190 3848 judicium,
1214 3782 1249 3832 et

135 3869 214 3941 post
241 3859 306 3921 hoc
330 3859 373 3921 ab
396 3858 461 3920 illis
485 3879 609 3922 novum
633 3859 765 3923 caelum
788 3870 823 3922 et
851 3880 975 3922 novum
999 3861 1182 3939 infernum3
1214 3876 1249 3926 et

135 3952 182 4014 sic
206 3952 296 4034 quod
320 3953 353 4015 in
377 3953 439 4015 hac
464 3954 585 4018 tellure
608 3975 707 4036 super
729 3954 940 4018 habitatores
962 3954 1031 4035 ejus
1055 3958 1249 4020 exstiterint

136 4055 279 4129 quatuor
301 4046 434 4126 judicia,
459 4058 494 4111 et
521 4069 566 4111 ex
593 4049 659 4112 illis
686 4059 830 4131 quatuor
859 4049 943 4112 caeli
971 4060 1006 4113 et
1033 4050 1180 4128 inserna3
1215 4064 1249 4114 et

136 4141 254 4204 datum
273 4151 326 4204 est
345 4142 429 4205 scire
452 4143 542 4224 quod
565 4153 636 4206 tam
656 4143 741 4206 caeli
759 4163 859 4225 quarn
879 4143 1006 4206 inferna
1028 4144 1086 4206 illa
1108 4145 1196 4208 inter
1214 4167 1250 4209 se

136 4234 223 4297 adeo
241 4256 374 4317 prorsus
394 4248 575 4318 segregata
594 4239 661 4301 sint
685 4248 721 4300 ut
745 4239 966 4321 nequicquam
985 4237 1103 4321 aliquis
1122 4258 1167 4300 ex
1189 4259 1250 4300 suo

136 4330 243 4410 possit
263 4331 405 4393 transire
427 4332 461 4393 in
480 4330 627 4394 alterius.
673 4329 802 4394 Omnes
824 4331 859 4395 hi
881 4330 965 4395 caeli
989 4331 1148 4412 descripti
1171 4343 1249 4396 sunt

138 4423 170 4486 in
190 4423 352 4504 opusculo
371 4424 413 4488 de
431 4423 557 4487 Amore
577 4423 786 4509 Cotyirgzizli,·
809 4436 844 4489 et
863 4426 939 4509 quia
958 4425 1139 4506 spiritualis
1154 4426 1250 4508 origo
