2776 5040
128 458 170 525 34

400 453 576 507 CANONES
599 453 729 507 Novas
751 453 968 507 occassum.

187 643 218 705 4.
250 622 352 708 Quod
375 646 421 689 ex
444 635 539 690 statu
561 625 647 689 caeli
668 635 705 689 et
728 624 847 689 inferni
869 625 904 689 in
926 626 1058 690 mundo
1080 625 1231 710 spirituali

336 731 565 802 cognoscatur
572 730 737 802 quantum
746 720 839 783 valet
852 720 980 784 bonum
992 741 1095 804 super
1106 721 1231 792 malum.

336 825 398 879 aut
429 815 556 879 malum
586 816 847 898 superbonum,
871 817 906 879 in
928 818 1053 894 terris;
1083 817 1232 900 quoniam

336 909 564 973 omnishomo
577 919 655 992 post
672 919 817 973 mortem
830 909 1005 992 colligitur
1017 912 1062 974 ad
1075 932 1165 987 suos,
1178 911 1232 974 hoc

337 1014 402 1079 est,
421 1005 455 1067 in
478 1022 574 1067 suum
597 1002 724 1067 malum
747 1014 806 1068 aut
829 1004 956 1068 bonum
975 1007 1082 1078 venit.
1103 1025 1143 1068 ac
1165 1025 1232 1069 cae·

337 1099 406 1161 lum
420 1107 455 1162 et
471 1097 636 1161 infernum
650 1108 730 1162 sunt
750 1118 795 1161 ex
811 1098 962 1162 humano
978 1118 1118 1181 genere.

192 1207 219 1275 5.
242 1190 345 1275 Quod
361 1192 427 1256 hoc
443 1209 656 1274 nequaquam
673 1193 780 1274 possit
793 1193 958 1274 cognosci
975 1194 1009 1256 in
1026 1194 1127 1257 terris
1143 1212 1233 1275 prop·

337 1296 391 1350 ter
406 1284 536 1349 multas
554 1305 684 1349 causas.

188 1381 219 1444 6.
251 1378 353 1462 Quod
372 1381 461 1444 inter
476 1378 607 1443 caelum
624 1390 660 1444 et
679 1379 843 1443 infernum
862 1381 907 1443 sit
925 1380 1161 1453 interstitium.
1177 1400 1235 1463 quo

337 1473 465 1537 malum
488 1495 533 1537 ex
555 1474 686 1538 inferno
709 1473 909 1538 exhalatum
932 1476 1103 1551 ascendit,
1124 1485 1161 1539 et
1181 1476 1235 1538 bo·

339 1588 418 1632 num
436 1590 456 1633 e
474 1567 571 1632 caelo
589 1569 779 1639 descendit.
798 1579 835 1633 et
853 1570 917 1633 sibi
934 1570 1092 1634 obviant.

189 1681 219 1747 7.
249 1663 349 1746 Quod
362 1666 396 1727 in
407 1663 519 1727 medio
531 1664 705 1727 interstitii
718 1664 762 1727 sit
773 1663 1006 1746 aequilibrium
1017 1665 1108 1729 inter
1118 1665 1236 1729 bonum

338 1769 374 1823 et
394 1758 530 1821 malum.

191 1856 220 1916 8.
251 1851 353 1934 Quod
369 1873 417 1916 ex
436 1852 503 1915 hoc
526 1850 724 1934 aequilibrio
747 1862 977 1934 cognoscatur
996 1864 1164 1935 quantum
1182 1855 1237 1917 bo·

338 1965 418 2009 num
448 1945 541 2009 valet
570 1956 692 2012 contra
716 1945 855 2022 malum,
878 1955 938 2010 aut
967 1946 1097 2010 malum
1125 1957 1239 2012 contra

338 2041 475 2103 bonum.

189 2153 220 2217 9.
252 2132 354 2216 Quod
374 2134 541 2197 Dominus
558 2133 593 2197 id
611 2133 657 2198 ibi
676 2134 843 2217 ponderet
862 2134 950 2197 sicut
969 2134 1003 2197 in
1022 2134 1120 2199 libra„

174 2247 221 2294 10.
252 2228 353 2312 Quod
365 2229 598 2312 aequilibrium
614 2229 697 2293 illud
709 2250 827 2293 versus
841 2229 974 2293 caelum
990 2230 1147 2295 elevetur
1159 2231 1239 2294 sicut

340 2324 465 2386 malum
492 2323 585 2388 valet
617 2333 738 2388 contra
767 2324 905 2400 bonum,
935 2333 972 2387 et
1006 2327 1100 2407 quod
1130 2344 1239 2389 versus

339 2418 504 2481 infernum
523 2418 733 2500 deprimatur
751 2419 838 2482 sicut
861 2418 988 2481 bonum
1008 2418 1103 2484 valet
1125 2431 1239 2484 contra

339 2513 486 2589 malum;
518 2514 641 2595 quippe
660 2513 786 2575 bonum
809 2533 828 2574 e
851 2512 948 2575 caelo
966 2514 1127 2595 deprimit
1150 2514 1237 2586 illud,

339 2617 374 2671 et
394 2607 520 2669 malum
540 2628 584 2669 ex
604 2607 733 2670 inferno
753 2607 866 2670 elevat
885 2606 978 2669 illud.

174 2720 220 2767 11.
252 2700 354 2784 Quod
377 2701 609 2784 aequilibrium
632 2702 715 2764 illud
738 2703 782 2765 sit
806 2702 892 2764 sicut
910 2701 1102 2766 scabellum
1122 2703 1236 2785 pedum

338 2796 470 2878 angelis
486 2796 583 2866 caeli,
597 2797 630 2858 in
647 2797 737 2878 quod
757 2795 890 2858 illorum
907 2797 1034 2859 bonum
1054 2798 1188 2872 desinit,
1204 2807 1234 2860 et

339 2911 438 2972 super
454 2910 521 2972 quo
540 2891 705 2954 subsistit.

174 3001 220 3049 12.
252 2983 353 3067 Quod
370 2985 555 3047 secundum
568 2986 710 3065 gradum
723 3005 790 3067 quo
802 2984 1035 3066 aequilibrium
1053 2985 1135 3050 illud
1146 2984 1232 3050 ¹¹¹ele·

339 3088 448 3153 vatur,
459 3079 603 3142 felicitas
619 3079 818 3160 angelorum
831 3077 928 3153 caeli,
939 3100 985 3141 ex
1002 3081 1102 3143 bonis
1117 3090 1152 3144 et
1163 3079 1230 3143 inde

338 3174 426 3236 veris
442 3172 586 3247 illorum,
604 3173 819 3236 diminuatur.

174 3286 220 3350 13.
252 3266 354 3350 Quod
367 3287 443 3331 cum
458 3266 583 3330 malum
596 3267 689 3330 valet
702 3278 824 3330 contra
836 3267 962 3330 bonurn
976 3269 1009 3330 in
1023 3270 1132 3343 terris,
1143 3263 1225 3331 simul

338 3370 420 3426 tunc
440 3361 603 3424 infernum
623 3361 737 3425 valeat
756 3371 878 3425 contra
896 3362 1040 3425 caelum.

175 3473 221 3537 14.
253 3454 353 3538 Quod
366 3478 412 3519 ex
425 3456 477 3519 his
490 3466 609 3538 pateat
619 3456 710 3538 quod
723 3456 797 3518 finis
810 3455 977 3519 ecclesiae
989 3458 1095 3520 instet
1105 3453 1221 3539 quando

338 3552 494 3635 potentia
514 3551 593 3613 mali
615 3550 708 3614 valet
735 3570 836 3631 super
861 3553 1054 3633 potentiam
1074 3552 1159 3615 boni.

175 3660 220 3726 15.
253 3645 385 3709 Dicitur
403 3646 558 3728 potentia
576 3644 655 3708 boni
675 3666 733 3727 per
749 3665 838 3719 vera,
855 3655 891 3708 et
910 3647 1067 3728 potentia
1085 3643 1159 3708 mali
1174 3655 1217 3722 per

339 3740 433 3813 falsa,
457 3741 616 3823 quoniam
640 3740 794 3821 potentia
820 3739 912 3804 bono
934 3750 988 3804 est
1011 3761 1071 3823 per
1092 3757 1171 3809 vera,
1189 3739 1214 3792 et

339 3837 493 3919 potentia
513 3835 603 3898 malo
622 3845 675 3899 est
694 3856 754 3918 per
771 3833 865 3898 salsa.
