2776 5040
212 480 417 532 acccusmc
433 480 698 532 rsuraumcns
714 482 853 534 santus
869 483 1116 534 Tanarus-u.
1132 484 1180 552 54.
1216 471 1256 551 63

135 650 269 726 horum,
290 660 325 714 et
349 648 624 715 Sanctificatione
647 652 796 715 omnium
816 651 1040 716 Tabernaculi
1063 673 1122 735 per
1144 652 1256 717 oleum

135 742 325 823 unCiionis;
358 755 393 809 et
419 766 530 828 porro,
555 746 598 808 de
621 743 748 809 Ordine
772 746 937 823 Levitico,
962 747 1005 810 de
1032 747 1257 811 Matrimoniis

135 849 174 904 et
191 840 363 916 Divortiis,
381 842 424 903 de
441 840 738 919 Mundationibus;
762 842 805 904 de
820 840 922 917 Cibis,
939 842 982 904 de
999 841 1135 923 Asylis;
1160 863 1256 925 prae·

135 945 190 999 ter
220 935 368 1019 pluribus
397 935 482 1010 aliis,
510 956 596 1019 quae
626 937 738 999 omnia
765 936 897 999 suerunt
924 939 1256 1019 repraesentationes

135 1029 311 1093 naturales
335 1030 641 1112 correspondentes
663 1030 909 1112 spiritualibus;
932 1027 1063 1105 verbol]
1079 1031 1153 1095 libri
1172 1053 1254 1115 qua·

135 1134 215 1188 tuor
237 1126 442 1207 posteriores
466 1124 572 1187 Mosis
595 1145 663 1187 non
687 1134 766 1188 sunt
784 1126 874 1188 aliud
894 1145 994 1208 quam
1015 1125 1087 1188 libri
1111 1127 1256 1190 instruc-

134 1220 240 1281 tionis
262 1239 323 1302 pro
341 1217 399 1281 illa
418 1218 584 1282 Ecclesia.
631 1219 711 1282 Post
730 1220 791 1282 has
810 1216 1049 1282 instructiones
1068 1218 1125 1282 filii
1146 1220 1256 1284 Israe-

134 1312 177 1376 lis
196 1314 379 1377 intromissi
398 1323 476 1376 sunt
495 1315 528 1376 in
552 1311 692 1376 Terram
710 1312 916 1389 Canaanem,
934 1314 1075 1394 proinde
1093 1315 1127 1377 in
1146 1316 1254 1397 ipsam

134 1407 349 1484 Ecclesiam;
382 1427 461 1469 nam
482 1406 615 1469 “Terra
634 1405 796 1470 Canaan”
815 1408 1093 1488 repraesentabat
1117 1418 1152 1472 et
1176 1411 1254 1473 inde

133 1499 350 1583 significabat
370 1500 582 1578 Ecclesiam;
609 1511 681 1564 erat
701 1503 805 1564 etiam
824 1511 913 1565 terra
931 1500 989 1564 illa
1012 1502 1045 1563 in
1065 1502 1255 1566 meditullio

133 1597 242 1659 totius
259 1596 348 1658 orbis
364 1596 481 1668 nostri,
500 1614 578 1658 nam
595 1615 614 1657 a
633 1605 729 1676 parte
745 1596 859 1659 antica
875 1592 1053 1677 spectabat
1069 1595 1253 1679 Europam,

133 1711 157 1753 a
173 1700 269 1772 parte
285 1691 420 1753 sinistra
433 1689 595 1764 Africam,
610 1710 695 1772 aque
712 1699 808 1771 parte
824 1691 956 1772 postica
972 1699 1006 1753 et
1020 1689 1155 1753 'laterali
1168 1692 1254 1754 dex·

133 1795 190 1849 tra
209 1785 339 1848 Asiam.
384 1785 571 1867 Praecepta
589 1806 669 1848 vero
693 1805 752 1866 per
771 1784 891 1848 Mosen
916 1785 996 1860 lata,
1017 1795 1197 1868 postquam
1220 1788 1253 1849 in

133 1880 278 1943 Terram
294 1879 385 1942 illam
402 1889 638 1961 pervenerunt,
657 1879 867 1961 locupletata
883 1890 961 1942 sunt
978 1900 1037 1961 per
1053 1880 1251 1962 Prophetas,

133 1975 259 2038 deinde
282 1995 340 2056 per
360 1974 527 2037 Davidem
548 1973 691 2054 Regem,
712 1983 747 2036 et
766 1975 902 2036 demum
924 1971 1011 2056 [per]
1034 1973 1252 2039 Salomonem

132 2079 317 2152 postquam
329 2068 508 2149 Templum
520 2067 733 2131 aedificatum
746 2078 798 2132 est
811 2090 818 2145 ;
835 2069 925 2151 quod
938 2078 1075 2132 constat
1088 2090 1133 2132 ex
1143 2069 1253 2133 Libris

132 2163 306 2239 Judicum,
320 2161 494 2236 Samuelis,
507 2172 541 2225 et
551 2162 689 2243 Regum.
725 2161 790 2225 Hic
804 2164 917 2245 itaque
929 2162 989 2225 fuit
1002 2164 1169 2227 secundus
1182 2175 1252 2227 sta-

133 2268 191 2322 tus
207 2256 393 2330 Ecclesiae,
411 2258 466 2338 qui
482 2256 542 2319 suit
558 2256 628 2336 ejus
643 2257 835 2337 progressio
851 2258 884 2320 in
901 2256 1022 2332 lucem,
1040 2277 1098 2319 seu
1114 2258 1196 2321 dies.

198 2367 269 2434 53.
301 2351 364 2414 His
380 2352 510 2413 duobus
526 2351 672 2413 statibus
688 2350 784 2432 hujus
800 2350 976 2414 Ecclesiae
993 2350 1153 2433 applicari
1173 2372 1251 2434 pos-

132 2456 215 2511 sunt
234 2447 317 2510 haec
337 2447 371 2509 in
390 2444 526 2508 Verbo:

183 2579 306 2646 Jehovah
320 2582 337 2605 ⁴⁴
346 2580 489 2629 vivificabit
501 2595 552 2628 nos
564 2590 624 2643 post
642 2579 760 2637 biduum,
775 2580 802 2628 in
820 2579 862 2628 die
880 2580 958 2629 tertio
970 2580 1055 2642 eriget
1072 2596 1122 2630 nos
1135 2591 1163 2630 ut
1180 2582 1252 2631 viva·

266 2661 325 2695 mus
343 2661 432 2695 coram
452 2645 542 2708 Ipso.''
576 2645 707 2709 Jehovah,
723 2646 815 2695 “sicut
827 2646 933 2694 Aurora
944 2657 1052 2708 paratus
1070 2646 1157 2695 exitus
1175 2647 1249 2710 Ejus,

265 2721 308 2839 pp!
305 2713 398 2825 {secrpep
401 2712 478 2836 isiput³
479 2711 574 2836 pluvia
586 2712 673 2768 nobis,
685 2711 752 2760 sicut
768 2711 859 2774 pluvia
870 2711 988 2763 serotina
1000 2707 1118 2773 irrigarfll
1131 2721 1229 2762 terram
1238 2713 1251 2730 '¹

364 2814 370 2826 ·
411 2814 417 2825 ·
445 2814 451 2834 r
499 2813 505 2835 r

185 2841 286 2892 “Dixit
304 2842 377 2892 Deus
391 2841 506 2900 Israelis,
521 2842 585 2890 mihi
603 2841 691 2890 locuta
707 2850 748 2891 est
767 2840 847 2890 Petra
864 2840 980 2892 Israelis.
1118 2841 1167 2892 ltle
1184 2843 1252 2893 sicut

265 2908 310 2957 lux
322 2922 400 2957 mane
403 2943 487 2966 .....
498 2922 577 2956 mane
589 2907 647 2956 sine
660 2907 774 2957 nubibus
782 2905 797 2926 ''
806 2906 831 2964 (a
845 2907 916 2957 Sam.
927 2906 999 2956 xxiii.
1011 2919 1034 2968 3,
1045 2906 1080 2969 4).

132 3032 183 3097 Et
201 3033 291 3115 apud
311 3032 451 3095 Mosen:

186 3169 204 3190 ⁸·
213 3165 319 3216 Defluet
336 3166 404 3215 sicut
421 3166 512 3229 pluvia
523 3162 647 3214 doctrina
659 3179 734 3219 mea:
758 3165 874 3214 stellabit
886 3165 953 3214 sicut
964 3179 1009 3214 ros
1022 3165 1132 3214 verbum
1144 3179 1251 3225 meum,

265 3233 332 3280 sicut
344 3231 433 3280 stillae
443 3246 523 3293 super
534 3245 653 3292 gramen,
667 3241 694 3279 et
706 3231 773 3279 sicut
790 3239 881 3292 guttae
893 3245 973 3292 super
989 3231 1107 3279 herbam.
1145 3230 1251 3281 Nomen

264 3296 384 3360 Jehovae
393 3297 567 3359 praedicabo;
584 3297 645 3344 date
654 3296 864 3357 magnitudinem
876 3295 934 3345 Deo
944 3305 1045 3345 nostro.
1078 3295 1164 3354 Petra,
1174 3297 1251 3359 cujus

264 3359 411 3424 perledlum
429 3376 505 3424 opus,
520 3376 614 3409 ornnes
628 3363 686 3409 viae
705 3361 769 3423 Ejus
787 3361 930 3423 judicium:
949 3360 1022 3410 Deus
1039 3361 1181 3420 fidelitatis,
1196 3377 1250 3411 non

265 3428 434 3490 perversitas,
448 3427 535 3489 justus
547 3437 573 3475 et
585 3424 674 3475 redlus
689 3426 736 3475 llle
745 3425 759 3445 ”
771 3425 875 3487 (Deutr.
889 3426 971 3476 xxxii.
986 3427 1052 3487 2-4).

133 3557 191 3621 Ex
207 3558 258 3621 his
275 3557 378 3620 etiam
395 3554 611 3619 confirmatur
627 3556 716 3638 quod
736 3556 804 3618 bini
823 3554 870 3619 illi
886 3565 997 3619 status
1013 3555 1108 3636 hujus
1127 3556 1250 3620 Eccle-

133 3653 203 3715 siae
226 3652 347 3714 fuerint
370 3671 389 3713 a
413 3651 561 3713 Domino
585 3661 713 3724 nostr0,
734 3651 789 3733 qui
812 3660 865 3714 est
890 3650 1012 3713 “Deus
1036 3649 1193 3714 lsraelis”
1215 3662 1250 3715 et

134 3747 265 3809 “Petra
276 3745 302 3824 ;''
321 3746 411 3828 quod
430 3746 474 3808 sit
495 3745 624 3808 “Petra
632 3745 647 3768 ”
667 3744 771 3827 liquet
791 3766 836 3808 ex
855 3745 907 3807 his
925 3745 1013 3828 apud
1033 3745 1184 3821 Paulum,

437 3887 541 3938 “Petra
551 3899 608 3938 erat
620 3887 743 3938 Christus
751 3887 765 3907 ”
777 3886 801 3952 (ι
812 3889 866 3938 Cor.
878 3903 903 3938 x.
913 3887 949 3949 4).

193 4070 265 4138 54.
294 4053 360 4131 (iii.)
384 4054 470 4124 duod
482 4055 592 4118 tertius
605 4061 708 4118 statue
722 4053 811 4137 hujus
824 4054 985 4117 [eclesiae
1001 4053 1097 4116 tuerit
1109 4054 1252 4117 deelina-

135 4145 176 4208 tio
198 4165 217 4205 a
241 4165 311 4207 roro
329 4146 417 4207 Cultu
437 4145 703 4226 repraesentativa
726 4145 757 4207 in
777 4143 1012 4216 idololatricam,
1033 4151 1067 4207 et
1089 4149 1162 4207 tune
1183 4145 1251 4226 ejus

136 4236 341 4301 Vastatioseu
364 4236 601 4319 Vespera-De
624 4238 814 4301 discrimine
838 4237 949 4301 cultus
971 4239 1250 4319 repraesentativi

134 4342 170 4397 et
196 4334 306 4397 cultus
334 4334 547 4409 idololatrici,
571 4333 735 4416 quaedam
763 4331 994 4396 memorabilia
1020 4351 1119 4412 supra
1145 4329 1250 4393 allata

134 4438 233 4506 sunt;
257 4449 302 4493 ex
321 4430 439 4513 quibus
456 4429 603 4510 conspici
622 4436 738 4510 potest
761 4427 851 4509 quod
871 4427 949 4489 dum
969 4426 1052 4507 typi,
1069 4423 1195 4507 figurae
1214 4437 1249 4489 et
