2776 5040
545 488 596 539 nn
617 487 850 539 cunnum.
1216 489 1256 556 59

133 678 246 738 mum;
270 679 372 741 quare
395 657 515 722 Paulus
530 658 634 721 etiam
649 657 730 721 dicit
753 657 843 739 quod
866 676 945 721 caro
960 656 1004 721 sit
1026 666 1146 721 contra
1160 656 1255 738 spiri·

133 764 217 829 tum,
234 763 270 818 et
292 753 383 835 quod
398 751 623 833 crucifigenda
637 753 681 815 sit
703 771 783 814 caro
798 770 874 814 cum
896 770 956 814 sua
971 751 1254 832 concupiscentia,

134 859 170 912 et
192 847 285 930 quod
307 847 411 910 homo
426 847 472 909 sic
496 844 555 909 fiat
570 843 749 926 spiritualis
772 854 807 908 et
830 864 920 908 nova
934 854 1108 922 creatura3
1130 844 1255 908 exinde

135 941 241 1006 videri
263 950 390 1022 potest,
406 939 496 1022 quod
519 949 680 1023 quantum
703 939 806 1002 homo
828 937 993 1020 crucifigit
1014 957 1161 1015 caruem,
1178 948 1255 1002 tan·

137 1046 211 1100 tum
218 1035 312 1098 vivat
324 1031 386 1117 [in]
398 1035 515 1114 spiritu
526 1054 535 1111 ;
548 1052 623 1096 cum
632 1034 745 1114 itaque
753 1033 856 1096 homo
864 1031 942 1096 talis
950 1042 1055 1097 estex
1064 1031 1254 1104 nativitate,

135 1130 287 1212 sequitur
302 1128 392 1210 quod
407 1128 541 1209 spiritus
556 1125 627 1207 ejus
643 1142 711 1189 non
727 1128 835 1207 possit
850 1146 963 1190 amare
985 1126 1178 1208 proximum
1194 1126 1255 1189 nisi

134 1222 310 1305 crucifigat
321 1240 456 1285 carnem
468 1240 573 1293 suam,
586 1219 677 1302 quod
688 1218 726 1283 fit
742 1239 802 1301 per
813 1221 1057 1307 poenitentiam
1070 1241 1078 1297 ;
1101 1229 1136 1283 et
1149 1239 1255 1302 quan·

134 1329 209 1382 tum
221 1317 286 1381 hoc
297 1316 388 1391 facit,
399 1325 533 1378 tantum
545 1335 591 1377 ex
603 1315 731 1395 spiritu,
741 1314 806 1377 hoc
816 1323 879 1389 est,
890 1313 1039 1389 interius,
1048 1323 1141 1377 amet
1151 1332 1255 1394 prox-

134 1412 259 1488 imum;
282 1419 317 1473 et
333 1409 424 1491 quod
440 1428 552 1472 amare
569 1409 759 1489 proximum
780 1408 870 1489 prius
885 1427 931 1471 ex
946 1406 1059 1482 corde,
1075 1407 1119 1470 sit
1135 1416 1255 1470 contra

135 1515 292 1568 naturam
314 1503 467 1566 hominis.
513 1501 659 1566 Invaluit
682 1501 765 1566 fides
787 1502 822 1565 in
844 1499 1038 1565 Christiano
1060 1501 1141 1564 orbe
1163 1499 1254 1583 quod

135 1599 193 1681 qui
208 1596 310 1660 fidem
325 1596 440 1671 habet,
453 1606 545 1659 amet
560 1597 752 1676 proximum
764 1617 772 1673 ;
795 1596 857 1660 sed
871 1594 929 1658 illa
940 1594 1023 1658 fides
1036 1605 1088 1659 est
1101 1613 1254 1671 erronea;

137 1711 207 1756 non
230 1700 344 1772 potest
361 1688 479 1772 aliquis
501 1689 625 1753 habere
648 1689 749 1753 fidem
764 1691 798 1753 in
822 1709 887 1772 qua
896 1688 1038 1771 ‘aliquod
1060 1690 1174 1752 vivum
1189 1698 1254 1763 est,

136 1787 200 1848 nisi
222 1785 327 1866 fugiat
350 1782 440 1846 mala
455 1792 492 1848 ut
515 1790 667 1864 peccata,
683 1784 751 1847 imo
774 1794 937 1866 quantum
959 1783 1064 1864 fugiat
1088 1781 1153 1845 illa.
1198 1780 1255 1844 Ex

137 1880 189 1942 his
212 1897 299 1941 nunc
323 1886 419 1958 patet
438 1877 528 1959 quod
545 1877 696 1958 primum
710 1877 893 1942 charitatis
907 1877 956 1941 sit
977 1897 1039 1939 non
1052 1876 1168 1957 facere
1182 1896 1254 1938 ma·

137 1973 206 2037 lum
212 1971 370 2054 proximo
377 1992 393 2045 ,·
416 1989 495 2034 nam
511 1989 579 2034 non
595 1971 721 2035 malum
738 1971 846 2036 facere
863 1972 1018 2053 proximo
1034 1980 1087 2034 est
1103 1988 1255 2051 pugnare

137 2076 258 2132 contra
267 2064 357 2128 mala
368 2063 456 2146 apud
467 2084 513 2139 se,
525 2074 561 2129 et
577 2066 821 2145 poenitentiam
834 2066 878 2130 ab
892 2065 957 2129 illis
971 2085 1072 2147 agere
1085 2085 1093 2143 ;
1116 2073 1153 2128 et
1165 2063 1254 2146 quod

137 2160 313 2224 secundum
326 2158 507 2222 charitatis
522 2159 571 2222 sit
590 2158 707 2222 bonum
712 2160 828 2239 facere
837 2160 1003 2241 proximo.
1048 2159 1166 2222 Potest
1182 2158 1255 2240 quis

136 2275 182 2318 ex
199 2253 361 2335 principio
376 2252 466 2334 quod
487 2251 713 2317 Christianum
730 2254 773 2318 sit
790 2273 858 2317 non
874 2253 982 2318 lacere
998 2252 1123 2317 malum
1138 2253 1254 2334 proxi·

137 2367 206 2425 mo,
215 2347 318 2410 etiam
330 2346 517 2410 nonfacere
529 2367 537 2424 ;
553 2355 589 2410 at
601 2347 657 2429 qui
669 2367 713 2410 ex
727 2346 801 2411 solo
810 2346 869 2411 illo
878 2348 1039 2428 principio
1049 2366 1117 2410 non
1129 2344 1254 2409 malum

138 2442 219 2505 facit
231 2441 398 2522 proximo,
411 2449 446 2504 et
462 2440 588 2503 bonum
604 2441 634 2503 ei
649 2440 739 2516 lacit,
753 2460 857 2523 usque
870 2460 938 2504 non
950 2450 1042 2504 amat
1058 2439 1172 2517 illum;
1195 2438 1255 2502 sed

138 2535 219 2599 facit
240 2535 271 2597 ei
294 2554 362 2597 non
380 2533 516 2609 malum,
533 2554 579 2598 ex
594 2534 788 2598 obedientia
803 2534 889 2616 legis
905 2533 1057 2608 Divinae,
1074 2542 1109 2597 et
1125 2553 1194 2596 non
1209 2530 1257 2596 ex‘

138 2624 315 2691 affediione
338 2628 460 2691 amoris
483 2647 564 2709 erga
590 2629 799 2709 proximum
837 2628 965 2692 dehac
988 2625 1164 2691 affelSiione
1187 2646 1256 2691 non

138 2723 202 2785 scit
218 2721 347 2802 aliquis,
363 2721 423 2783 sed
438 2722 493 2803 qui
515 2721 600 2802 sugit
616 2723 705 2784 mala
721 2732 757 2786 ut
779 2731 931 2804 peccata,
947 2721 1011 2785 hoc
1028 2731 1091 2797 est,
1108 2722 1164 2803 qui
1187 2741 1255 2784 non

138 2824 232 2878 amat
254 2814 363 2892 mala;
387 2812 442 2877 ille
464 2816 557 2878 venit
581 2816 613 2878 in
634 2814 845 2879 affedtionem
865 2816 952 2879 illius
973 2817 1105 2880 amoris.
1150 2814 1255 2878 Aliud

137 2910 227 2973 enim
243 2918 296 2971 est
312 2929 357 2971 ex
370 2908 564 2971 obedientia
575 2909 766 2973 nonfacere
782 2910 905 2973 malum
922 2910 982 2974 sed
998 2910 1105 2974 facere
1118 2909 1254 2985 bonum,

137 3015 172 3067 et
182 3002 271 3065 aliud
283 3011 335 3065 est
346 3022 390 3065 ex
403 2999 580 3066 affedtione
592 3005 714 3066 amoris
726 3024 808 3086 erga
819 3007 1010 3085 proximum
1023 3004 1212 3067 nonfacere
1225 3005 1256 3068 ei

160 3141 168 3157 .
208 3094 344 3170 malum,
361 3096 421 3158 sed
444 3095 553 3159 facere
576 3096 623 3159 illi
645 3097 788 3160 bonum:
813 3097 1000 3162 differentia
1019 3108 1072 3161 est
1096 3098 1183 3161 sicut
1205 3099 1255 3161 in·

137 3163 168 3307 ἓ
211 3187 292 3271 [ter]
310 3186 457 3252 calorem
473 3199 509 3252 et
529 3189 637 3253 lucem
654 3188 851 3255 nodturnam
868 3213 912 3255 ex
932 3191 1009 3255 luna
1026 3201 1060 3255 et
1084 3190 1203 3268 stellis,
1219 3202 1255 3256 et

208 3283 296 3346 inter
311 3281 457 3346 calorem
480 3293 515 3347 et
539 3281 646 3346 lucem
669 3284 821 3348 diurnam
836 3307 881 3348 ex
898 3286 988 3364 sole;
1013 3287 1046 3348 in
1062 3285 1256 3349 obedientia

139 3396 207 3440 non
230 3385 282 3439 est
305 3374 398 3439 calor
413 3377 535 3439 amoris
557 3378 672 3455 istius,
696 3398 758 3442 nec
774 3388 827 3442 est
844 3378 901 3441 lux
918 3381 1041 3442 amoris
1056 3381 1151 3443 istius
1162 3401 1171 3459 ;
1195 3380 1255 3443 sed

137 3471 169 3534 in
182 3466 358 3534 affedtione
370 3479 423 3533 est
436 3491 443 3547 ;
467 3489 545 3533 nam
557 3468 689 3535 affediio
701 3473 823 3535 amoris
836 3482 888 3536 est
902 3471 1013 3551 calor3
1037 3492 1137 3555 quare
1151 3474 1254 3537 etiam

161 3611 168 3624 .
207 3563 254 3627 illi
276 3564 332 3646 qui
354 3583 399 3625 ex
424 3564 616 3627 obedientia
638 3565 788 3629 fecerunt
812 3567 947 3642 bonum,
964 3567 997 3628 in
1021 3565 1145 3630 ultimis
1168 3567 1254 3631 coeli

136 3631 168 3775 ἓ
206 3666 295 3732 sunt,
312 3667 347 3721 et
370 3659 403 3720 in
427 3657 499 3721 luce
515 3668 550 3721 et
574 3658 686 3722 calore
701 3661 787 3724 sicut
810 3659 929 3738 luuae;
952 3661 1057 3723 etiam
1075 3658 1133 3722 lux
1152 3660 1253 3724 intel-

207 3748 313 3814 ledtus
329 3750 460 3814 illorum
477 3762 528 3815 est
544 3752 722 3830 umbrosa;
746 3772 814 3816 non
830 3753 947 3816 vident
963 3753 1075 3836 aliqua
1090 3773 1170 3816 vera
1186 3757 1252 3835 spi·

137 3844 269 3908 ritualia
281 3845 314 3907 in
326 3844 410 3908 luce.
443 3844 631 3909 Discrimen
643 3848 745 3910 etiam
758 3858 810 3910 est
824 3847 913 3930 quod
926 3848 980 3929 qui
993 3847 1116 3910 faciunt
1129 3848 1253 3911 bonum

137 3960 183 4002 ex
199 3937 393 4002 obedientia
407 3938 532 4003 saciant
549 3939 630 4003 illud
653 3961 698 4004 ex
714 3942 835 4005 timore
851 3960 991 4022 poenae,
1008 3951 1043 4005 et
1059 3943 1105 4005 sic
1122 3961 1254 4024 quoque

137 4031 331 4096 abstineant
353 4051 374 4096 a
396 4031 492 4096 malis
513 4033 692 4112 faciendis;
715 4034 775 4098 sed
792 4035 847 4118 qui
870 4055 914 4098 ex
937 4033 1113 4099 affedtione
1130 4036 1254 4100 iaciunt

137 4126 274 4201 bonum,
290 4124 338 4188 illi
354 4145 422 4189 non
438 4146 482 4189 ex
498 4127 618 4191 timore
641 4147 773 4209 poenae
790 4128 935 4208 iaciunt;
959 4130 1036 4204 imo,
1056 4127 1175 4212 [quod]
1199 4132 1254 4211 qui

161 4266 169 4281 .
207 4239 252 4283 ex
273 4218 467 4285 obedientia
487 4219 613 4285 faciunt
636 4222 761 4285 bonum
784 4223 851 4287 sint
875 4222 1056 4300 naturales,
1072 4232 1108 4287 at
1131 4223 1186 4306 qui
1209 4243 1254 4286 ex

138 4285 169 4361 ω·
206 4311 384 4378 assediione
396 4313 521 4378 faciunt
532 4315 600 4380 sint
612 4315 821 4397 spirituales3
839 4327 911 4382 tum
925 4319 980 4400 qui
991 4318 1116 4382 iaciunt
1128 4316 1254 4380 bonum

138 4367 169 4430 z
208 4429 252 4471 ex
269 4407 463 4473 obedientia
477 4409 545 4473 sint
564 4409 619 4490 qui
642 4406 916 4489 [¹¹reformantur3
943 4411 1114 4493 praecedit
1130 4410 1253 4488 etiam;
