2776 5040
273 467 322 519 ετ
344 467 429 535 sJus
451 467 650 521 nocemur
671 469 945 522 cantasse—u.
968 458 1036 539 ¹38·
1172 458 1211 540 85

97 636 174 701 boni
192 636 337 712 habent,
353 638 401 702 illi
419 660 552 723 quoque
571 640 815 704 conscientiam
830 639 911 722 justi
931 640 1080 719 habent;
1104 641 1214 724 atqui

98 734 198 796 modo
215 734 463 797 conscientiam
478 733 560 816 justi
579 734 720 808 habent,
737 735 785 798 illi
801 737 835 799 in
851 735 1015 800 facultate
1033 746 1112 798 sunt
1128 735 1213 799 reci-

97 826 209 908 piendi
232 827 479 892 conscientiam
505 829 606 907 boni;
640 838 677 893 et
706 850 839 913 quoque
866 830 1033 912 recipiunt
1056 848 1133 893 cum
1161 829 1212 892 in·

96 917 224 984 strudti.

150 1031 248 1100 133.
270 1014 493 1082 Conscientia
504 1018 595 1101 apud
607 1019 686 1083 illos
701 1019 757 1103 qui
772 1020 806 1083 in
819 1019 989 1083 charitate
1001 1038 1084 1102 erga
1095 1020 1213 1103 proxi·

96 1127 190 1172 mum
212 1119 305 1185 sunt,
324 1120 378 1174 est
405 1112 615 1174 conscientia
638 1112 718 1188 veri,
739 1112 816 1194 quia
841 1111 1004 1175 formatur
1027 1133 1087 1194 per
1112 1110 1213 1175 fidem

95 1203 190 1280 veri3
220 1204 311 1286 apud
338 1203 416 1267 illos
438 1214 554 1268 autem
576 1207 632 1288 qui
658 1207 692 1269 in
715 1225 831 1270 amore
857 1206 891 1268 in
915 1205 1099 1270 Dominum
1122 1216 1213 1280 sunt,

95 1306 151 1361 est
169 1298 383 1362 conscientia
401 1298 492 1375 boni,
509 1300 588 1382 quia
610 1299 773 1363 formatur
791 1321 850 1382 per
868 1319 1019 1365 amorem
1038 1300 1126 1363 veri:
1150 1299 1214 1364 ho-

94 1409 170 1454 rum
194 1393 405 1458 conscientia
427 1404 480 1457 est
504 1393 716 1458 conscientia
738 1394 899 1476 superior,
919 1403 955 1458 et
977 1406 1120 1458 vocatur
1137 1414 1214 1476 per·

93 1486 215 1568 ceptio
237 1487 310 1550 veri
330 1507 375 1551 ex
399 1487 501 1551 bono.
547 1488 600 1551 Illi
629 1489 685 1571 qui
712 1489 958 1577 conscientiam
980 1490 1050 1553 veri
1072 1488 1213 1564 habent,

93 1591 178 1646 sunt
201 1602 221 1645 e
244 1600 352 1663 regno
377 1582 542 1664 spirituali
565 1582 722 1660 Domini;
753 1594 790 1646 at
816 1583 864 1646 illi
888 1585 944 1666 qui
971 1584 1214 1647 conscientiam

93 1676 317 1758 superiorem,
337 1695 424 1759 quae
443 1686 587 1742 vocatur
604 1678 791 1760 perceptio,
810 1677 951 1754 habent,
972 1686 1051 1741 sunt
1070 1697 1089 1741 e
1107 1697 1216 1759 regno

93 1769 243 1834 caelesti
257 1769 405 1835 Domini.

158 1867 257 1950 136.
288 1865 357 1931 Sed
383 1867 547 1950 exempla
574 1867 749 1932 illustrent
774 1866 855 1949 quid
880 1867 1101 1931 conscientia.
1149 1865 1216 1949 Qui

93 1958 239 2023 alterius
256 1959 346 2023 bona
362 1960 450 2042 apud
466 1980 503 2023 se
519 1960 635 2035 habet,
650 1960 825 2023 nesciente
840 1958 961 2033 altero,
975 1968 1010 2022 et
1027 1960 1073 2022 sic
1089 1959 1217 2042 absque

92 2056 223 2118 timore
243 2053 339 2136 legis,
353 2051 504 2136 jadturae
522 2053 661 2118 honoris
680 2063 715 2118 et
734 2047 854 2128 famae,
871 2063 988 2136 potest
1007 2053 1128 2116 lucrari
1145 2053 1216 2126 illa,

94 2149 126 2212 si
151 2168 257 2231 usque
275 2148 374 2212 alteri
393 2148 517 2224 reddit,
537 2150 615 2230 quia
637 2169 698 2212 sua
721 2167 789 2211 non
812 2157 903 2222 sunt,
920 2148 948 2210 is
971 2147 1217 2211 conscientiam
1294 2179 1304 2185 -

91 2243 227 2322 habet;
251 2263 330 2307 nam
342 2243 423 2307 facit
439 2244 566 2308 bonum
582 2254 721 2327 propter
733 2245 871 2318 bonum,
885 2253 920 2307 et
933 2242 1062 2325 justum
1079 2253 1218 2324 propter

87 2337 237 2418 justum.
282 2337 333 2403 Sit
352 2358 486 2422 quoque
508 2339 565 2421 qui
587 2348 704 2421 potest
723 2339 838 2402 venire
856 2338 900 2401 ad
922 2334 1139 2410 functionem,
1156 2335 1218 2400 sed

92 2433 166 2497 scit
189 2432 280 2515 quod
303 2432 403 2506 alter,
422 2432 479 2515 qui
501 2432 606 2495 etiam
629 2433 748 2509 ambit,
768 2433 899 2515 patriae
917 2431 1031 2495 utilior
1049 2431 1114 2508 sit;
1140 2430 1168 2493 is
1191 2430 1219 2493 si

92 2527 195 2592 cedit
211 2526 312 2590 alteri
334 2526 446 2591 locum
465 2535 606 2608 propter
623 2525 751 2589 bonum
774 2526 916 2610 patriae,
936 2525 964 2588 is
986 2525 1112 2588 bonam
1135 2543 1219 2588 con·

92 2621 281 2686 scientiam
299 2620 416 2685 habet.
461 2621 516 2685 Ita
532 2622 567 2684 in
583 2620 729 2702 reliquis.

160 2730 254 2800 137.
282 2715 340 2779 Ex
363 2717 415 2779 his
436 2716 596 2781 concludi
617 2725 735 2798 potest
757 2716 875 2799 quales
897 2724 977 2778 sunt
1001 2714 1050 2778 illi
1072 2714 1127 2797 qui
1149 2734 1219 2777 non

92 2810 348 2876 conscientiam
366 2808 515 2872 habent:
539 2818 794 2891 cognoscuntur
809 2829 854 2873 ex
872 2807 1040 2890 opposito.
1085 2805 1147 2880 Ut,
1163 2807 1219 2889 qui

93 2912 243 2988 propter
266 2902 396 2967 lucrum
418 2904 644 2986 quodcunque
666 2902 793 2967 iaciunt
817 2912 854 2966 ut
872 2901 1033 2984 injustum
1056 2910 1219 2983 appareat

84 2999 240 3079 justum,
259 3016 299 3061 ac
323 3006 361 3060 ut
384 2997 510 3060 malum
533 3008 698 3080 appareat
721 2997 860 3072 bonum,
880 3016 919 3060 ac
942 2997 1016 3060 vice
1039 3015 1148 3071 versa,
1172 2993 1221 3059 illi

91 3092 350 3158 conscientiam
365 3112 433 3155 non
451 3091 599 3155 habent:
623 3091 671 3154 illi
688 3112 750 3155 nec
767 3092 879 3155 sciunt
891 3091 971 3173 quid
987 3091 1220 3167 conscientia;

91 3187 190 3253 etsi
217 3187 429 3252 instruuntur
450 3186 530 3270 quid
557 3197 622 3260 est,
643 3206 710 3249 non
740 3187 896 3260 credunt,
920 3194 956 3248 et
985 3185 1120 3267 quidam
1152 3204 1220 3248 non

89 3280 226 3347 volunt
241 3282 337 3345 scire.
375 3279 479 3345 Tales
495 3291 585 3355 sunt,
599 3281 655 3363 qui
671 3289 860 3363 propter-se
876 3289 912 3344 et
929 3279 1090 3341 mundum
1107 3278 1221 3341 omnia

90 3384 224 3460 agunt.

163 3471 260 3555 138.
285 3470 355 3554 Qui
378 3472 626 3536 conscientiam
649 3489 717 3534 non
740 3479 943 3552 receperunt
962 3469 995 3531 in
1014 3468 1153 3542 mundo,
1171 3466 1222 3529 illi

89 3565 351 3632 conscientiam
370 3583 439 3628 non
458 3565 608 3646 recipcre
627 3573 771 3647 possunt
795 3564 828 3626 in
851 3561 962 3626 altera
979 3561 1061 3634 vita,
1081 3561 1130 3624 ita
1152 3578 1222 3623 non

89 3670 248 3746 possunt
271 3659 406 3724 salvari.
450 3658 562 3724 Causa
583 3669 647 3735 est,
669 3658 747 3742 quia
769 3657 835 3720 illis
858 3676 926 3720 non
949 3666 1002 3720 est
1026 3655 1164 3738 planum
1187 3655 1221 3717 in

92 3755 195 3842 quod
218 3753 337 3819 influat
366 3762 402 3818 et
429 3773 489 3838 per
512 3752 603 3836 quod
629 3760 790 3835 operetur
815 3750 958 3825 caelum,
983 3749 1049 3812 hoc
1073 3759 1137 3822 est,
1162 3768 1222 3830 per
1315 3808 1319 3827 ,θ

92 3851 236 3917 caelum
256 3848 436 3924 Dominus,
449 3858 485 3913 et
504 3847 582 3911 illos
597 3846 746 3909 adducat
762 3844 806 3908 ad
825 3842 890 3922 Se;
914 3862 992 3907 nam
1011 3841 1223 3907 conscientia

93 3956 156 4012 est
173 3945 317 4032 planum
336 3953 373 4009 et
391 3941 644 4025 receptaculum
663 3938 809 4004 influxus
828 3938 924 4003 caeli.
