2776 5040
238 489 444 541 ECCLESIAE
459 489 754 554 ANTIQUISSIMAE
769 488 1087 540 PROGRESSIO.·-N.
1104 489 1153 557 27.
1213 491 1250 556 37

131 661 227 722 enim
258 659 411 723 similiter
439 679 479 722 ac
509 658 613 723 homo
643 661 829 742 concipitur
858 681 902 723 ex
933 660 1071 734 semine,
1102 659 1253 722 similiter

132 753 331 817 excluditur
360 775 405 816 ex
432 764 529 817 utero
548 765 658 817 terrae
684 755 770 817 sicut
797 754 901 818 homo
931 775 976 816 ex
1006 764 1102 817 utero
1125 755 1252 829 matris,

132 846 290 911 similiter
309 849 476 911 excrescit
499 849 532 911 in
552 847 669 922 altum,
689 858 724 911 et
744 869 779 911 se
798 858 965 931 propagat
984 849 1017 910 in
1037 867 1149 910 ramos
1168 849 1253 911 sicut

132 943 169 1004 in
194 944 355 1016 membra,
379 943 533 1005 similiter
556 963 591 1004 se
618 944 756 1005 investit
780 943 865 1005 soliis
888 953 923 1005 et
950 952 1096 1005 exornat
1120 941 1253 1004 floribus

134 1037 223 1098 sicut
250 1036 354 1099 bomo
381 1037 468 1099 veris
496 1035 704 1099 naturalibus
732 1046 767 1099 et
795 1036 1032 1118 spiritualibus,
1060 1046 1095 1098 et
1122 1056 1253 1118 quoque

134 1128 290 1192 similiter
308 1131 463 1212 producit
482 1128 606 1193 srudtus
625 1131 711 1193 sicut
731 1130 835 1193 homo
854 1130 944 1192 bona
963 1150 1051 1192 usus.
1097 1130 1181 1192 Inde
1200 1140 1253 1194 est

134 1224 228 1304 quod
252 1223 356 1287 homo
379 1226 482 1288 toties
504 1225 538 1287 in
557 1224 677 1287 Verbo
699 1224 904 1287 assimiletur
923 1223 1096 1299 “arbori'’
1115 1234 1151 1287 et
1173 1225 1253 1288 inde

135 1316 293 1380 Ecclesia
313 1318 471 1394 “horto'’
491 1319 580 1381 utin
599 1319 819 1401 sequentibus
839 1317 890 1380 his
910 1317 1015 1380 locis:

188 1464 273 1514 Ponet
290 1463 412 1529 Jehovah
432 1465 591 1514 “desertum
609 1465 668 1527 ejus
685 1466 753 1515 sicut
771 1465 854 1523 Eden,
875 1474 902 1514 et
918 1464 1090 1515 solitudinem
1108 1465 1167 1528 ejus
1185 1467 1254 1516 sicut

268 1531 374 1579 hortum
386 1530 505 1594 Jehovae
513 1530 527 1550 ’'
537 1531 622 1589 (Esai.
634 1531 661 1581 li.
673 1530 715 1593 3);

134 1675 180 1737 de
200 1673 315 1748 Zione,
335 1693 512 1756 perquam
531 1672 738 1755 significatur
761 1673 926 1748 Ecclesia,
946 1674 979 1736 in
1002 1693 1067 1756 qua
1087 1674 1179 1736 Deus
1202 1695 1253 1738 se·

134 1768 284 1831 cundum
309 1767 461 1830 Verbum
481 1767 612 1831 colitur.

187 1911 248 1960 Eris
263 1911 355 1961 “sicut
372 1911 463 1960 hortus
482 1912 604 1973 irriguus,
619 1919 645 1961 et
663 1911 730 1961 sicut
747 1912 834 1961 exitus
851 1925 988 1976 aquarum,
1003 1911 1078 1974 cujus
1091 1927 1145 1961 non
1159 1912 1253 1962 menti·

268 1986 345 2025 entur
357 1991 441 2039 aquae
449 1976 463 1995 ”
476 1976 559 2038 (Esai.
570 1977 635 2028 lviii.
649 1989 677 2025 11
688 1991 694 2037 ς
715 1978 809 2041 Jeraem.
824 1977 894 2026 xxxi.
909 1977 964 2037 12);

134 2106 181 2169 ibi
200 2106 306 2168 etiam
326 2106 367 2168 de
387 2105 551 2169 Ecclesia.

188 2247 257 2297 “Tu
275 2248 370 2310 plenus
383 2248 521 2309 sapientia,
536 2257 563 2297 et
580 2246 714 2310 perfectus
727 2249 938 2312 pulchritudine;
957 2249 984 2297 ln
998 2247 1081 2307 Eden,
1095 2249 1174 2297 horto
1192 2249 1250 2307 Dei,

268 2313 357 2373 rursm
375 2314 463 2362 omnis
476 2315 543 2375 lapis
554 2314 686 2376 pretiosus
696 2323 880 2376 tegumentum
889 2323 963 2363 tuum
973 2313 987 2333 ”
996 2314 1098 2375 (Erech.
1110 2315 1200 2364 xxviii.
1213 2327 1250 2373 12,

271 2379 310 2440 1³)
323 2393 329 2437 ;

134 2508 180 2570 de
203 2506 307 2586 Tyro,
332 2525 513 2587 perquam
541 2505 747 2589 significatur
771 2506 926 2571 Ecclesia
948 2506 1059 2590 quoad
1085 2509 1252 2589 cognitio·

134 2621 197 2665 nes
216 2601 285 2663 veri
304 2611 338 2663 et
359 2601 447 2663 boni.

187 2735 301 2799 “Quam
324 2735 433 2786 bona..
446 2773 470 2786 ..
485 2735 636 2785 habitacula
655 2744 709 2794 tua,
731 2735 831 2795 lsrael;
855 2737 922 2785 sicut
940 2736 1024 2786 valles
1044 2736 1206 2799 plantantur,
1226 2745 1253 2787 et

267 2800 335 2848 sicut
347 2801 416 2849 horti
428 2800 504 2862 juxta
515 2800 624 2850 fluvium
633 2801 646 2820 ’'
658 2801 752 2863 (Num.
764 2801 836 2851 xxiv.
848 2814 869 2861 5,
881 2802 922 2863 6);

133 2962 197 3025 per
220 2941 434 3005 “Israelem”
456 2943 663 3024 significatur
689 2944 845 3007 Ecclesia
871 2943 1061 3028 spiritualis,
1086 2965 1144 3026 per
1167 2943 1252 3026 “Ja-

133 3036 281 3100 cobum”
300 3046 415 3099 autem
434 3036 588 3100 Ecclesia
607 3039 768 3101 naturalis
787 3040 819 3101 in
839 3059 903 3120 qua
922 3038 1111 3121 spiritualis.

188 3181 311 3230 “Omnis
329 3182 453 3230 arborio
473 3182 552 3232 horto
573 3182 623 3232 Dei
642 3199 697 3233 non
717 3199 764 3246 par
781 3183 830 3233 luit
848 3184 885 3232 illl
903 3184 930 3232 in
950 3183 1143 3246 pulchritudine
1164 3181 1251 3248 [ejus;

268 3243 406 3308 pulchram
423 3247 474 3296 leel
492 3262 551 3296 eam
569 3263 617 3311 per
634 3249 829 3298 multitudinem
848 3263 982 3297 ramorum
1001 3245 1252 3312 ejus].ur[¹1aemu-

267 3312 337 3364 latae
350 3310 430 3362 sintl’l
442 3314 480 3362 illi
493 3328 588 3362 omnes
600 3316 710 3362 arbores
730 3313 829 3363 Edenis
847 3314 873 3362 in
886 3315 964 3363 horto
980 3313 1030 3362 Dei
1039 3312 1054 3332 ”
1066 3313 1166 3375 (Erech.
1178 3314 1249 3364 xxxi.

268 3377 305 3444 ⁸l·
317 3376 372 3443 9]);

134 3509 179 3572 de
207 3508 374 3590 Aegypto
401 3518 436 3572 et
467 3507 633 3583 Aschure,
662 3529 721 3590 per
751 3529 833 3591 quas
861 3508 1067 3590 significatur
1096 3508 1251 3572 Ecclesia

135 3603 246 3685 quoad
260 3604 472 3685 cognitiones
486 3613 519 3666 et
533 3603 643 3685 quoad
659 3604 904 3685 perceptiones,
917 3604 971 3665 ubi
987 3605 1019 3666 in
1035 3605 1125 3668 bono
1141 3623 1250 3667 sensu.

188 3753 205 3773 ‘⁴
216 3749 246 3799 Ei
259 3751 303 3813 qui
315 3752 408 3801 vicerit
420 3753 490 3801 dabo
508 3762 537 3800 ut
553 3751 677 3801 comedat
688 3751 721 3800 de
739 3752 834 3801 arbore
846 3752 925 3810 vitae,
939 3766 1007 3815 quae
1025 3751 1052 3799 in
1070 3751 1158 3800 medio
1176 3766 1251 3814 para-

267 3816 317 3865 disi
332 3817 381 3866 Dei
390 3817 404 3837 ”
416 3819 502 3881 (Apoc.
514 3817 541 3866 ii.
554 3817 587 3877 7).
1219 3823 1227 3838 ·

135 3952 193 4016 Ex
212 3955 512 4036 correspondentia
530 3955 621 4019 horti
644 3975 719 4019 cum
739 3954 904 4028 Ecclesia,
925 3954 1080 4036 provenit
1103 3953 1193 4036 quod
1215 3954 1249 4018 in

134 4047 238 4111 caelis
254 4049 359 4111 ubivis
375 4059 559 4132 appareant
578 4050 668 4112 horti
686 4048 831 4112 serentes
847 4048 934 4123 solia,
951 4047 1049 4110 flores
1065 4057 1099 4110 et
1114 4045 1248 4122 srudtus,

134 4142 319 4205 secundum
339 4152 447 4205 status
466 4142 641 4206 Ecclesiae
660 4142 747 4225 apud
766 4142 925 4223 angelos3
949 4161 987 4204 ac
1007 4142 1149 4205 relatum
1169 4142 1248 4205 mihi

135 4244 188 4298 est
201 4235 292 4317 quod
307 4237 341 4309 in
353 4236 552 4318 quibusdam
568 4236 676 4299 hortis
692 4236 735 4298 ibi
749 4236 998 4317 conspiciantur
1010 4236 1146 4298 arbores
1158 4237 1248 4300 vitae

135 4329 168 4390 in
187 4328 392 4402 meditulliis,
409 4339 444 4392 et
463 4331 598 4392 arbores
613 4329 773 4392 scientiae
793 4330 921 4392 boniet
940 4328 1018 4391 mali
1037 4329 1069 4390 in
1086 4330 1246 4404 terminis,

135 4422 168 4484 in
186 4424 319 4504 signum
335 4423 424 4504 quod
443 4423 477 4485 in
496 4423 601 4486 libero
616 4423 754 4486 arbitrio
770 4423 801 4486 in
818 4422 1042 4505 spiritualibus
1058 4423 1135 4485 sint.
1179 4421 1244 4485 Ec·
