2776 5040
133 432 180 497 68,
407 445 582 498 canones
604 446 734 498 novas
757 446 973 498 recussus.

134 614 248 697 Quare
271 615 334 679 nisi
356 635 445 679 nova
467 614 612 679 ecclesia
633 635 654 679 a
681 615 831 679 Domino
853 617 1073 690 instauretur,
1096 636 1177 699 quae
1202 624 1230 678 et

134 710 313 773 ecclesiam
336 720 371 774 et
391 708 543 773 Verbum
570 729 649 773 suae
678 710 869 792 integritati
891 711 1056 784 restituit,
1074 729 1142 773 non
1163 729 1232 772 con·

134 805 259 866 servari
274 804 382 885 possit
402 803 469 866 ulla
485 822 574 866 caro.

98 920 101 929 ·
200 911 226 977 5.
257 895 358 978 Quod
377 896 424 958 illi
442 898 497 979 qui
516 898 550 959 in
568 895 634 960 fide
652 896 837 960 hodiernae
855 895 1021 959 ecclesiae
1041 903 1133 971 sunt,
1146 895 1235 959 intel·

135 989 284 1071 ligantur
299 1009 358 1072 per
375 989 586 1052 “draconem
596 989 611 1014 '⁸
627 999 663 1053 et
677 989 1042 1072 “pseudoprophetam
1055 988 1083 1066 ;''
1105 999 1141 1052 et
1156 989 1237 1071 quod

134 1085 207 1165 ipsa
223 1082 282 1145 illa
296 1081 380 1146 fides
396 1102 456 1163 per
473 1089 640 1165 “puteum
656 1084 771 1163 abyssi
783 1083 798 1108 ”
813 1104 859 1146 ex
875 1103 942 1165 quo
957 1082 1115 1147 locustae
1132 1084 1238 1147 exive-

134 1185 222 1251 runt,
240 1186 276 1239 ut
296 1186 331 1239 et
348 1197 406 1259 per
421 1183 610 1258 “magnam
629 1177 745 1239 urbem
764 1197 850 1259 quae
868 1177 1092 1258 spiritualiter
1107 1187 1240 1240 vocatur

135 1267 284 1332 Sodoma
296 1282 331 1333 et
345 1269 558 1352 Aegyptus,”
570 1272 626 1334 ubi
641 1272 710 1334 bini
726 1281 835 1334 testes
847 1272 951 1335 occisi
962 1281 1055 1346 sunt,
1069 1273 1105 1334 in
1116 1273 1148 1334 Α
1149 1283 1240 1352 poca·

135 1362 227 1443 lypsi
240 1363 400 1427 Revelata
418 1375 592 1427 ostensum
612 1374 685 1439 est;
713 1363 866 1428 similiter
884 1366 975 1448 quod
998 1367 1043 1428 ibi
1067 1386 1128 1447 per
1148 1365 1241 1428 “No-

135 1476 213 1519 vam
238 1457 512 1538 Hierosolymam
522 1457 536 1482 ’¹
556 1457 655 1521 Nova
673 1457 830 1521 Ecclesia
848 1456 1024 1522 intellefta
1042 1461 1098 1522 sit.
1146 1457 1242 1540 [Vide

135 1550 249 1631 Apoc„
273 1571 346 1632 cap.
369 1552 427 1624 ix,
448 1553 505 1624 xi,
531 1552 600 1625 xii,
624 1572 697 1628 xx,
723 1552 811 1634 xxi]
865 1551 1035 1634 Quoniam
1058 1554 1105 1616 ibi
1127 1554 1243 1616 dicitur

136 1645 226 1727 quod
243 1654 423 1727 postquam
443 1646 546 1708 draco
561 1655 597 1709 et
614 1647 913 1728 pseudopropheta
927 1647 962 1708 in
980 1645 1147 1709 infernum
1165 1666 1242 1709 con·

133 1735 214 1819 jecii
235 1748 325 1810 sunt,
345 1759 390 1801 ex
413 1738 510 1801 caelo
525 1759 545 1800 a
568 1739 644 1802 Deo
661 1740 877 1803 descenderit
896 1738 995 1802 Nova
1016 1739 1242 1821 Hiersolyma,

137 1841 234 1914 patet
257 1833 346 1914 quod
373 1842 554 1915 postquam
582 1831 666 1896 fides
689 1832 872 1895 hodiernae
895 1832 1061 1897 ecclesiae
1085 1834 1244 1897 damma

137 1937 200 1999 est,
220 1926 318 1988 Nova
336 1925 493 1989 Ecclesia
511 1947 530 1989 e
549 1926 649 1989 Novo
668 1925 773 1991 Caelo
791 1947 812 1989 a
831 1927 979 1990 Domino
997 1928 1187 1992 descendat
1208 1947 1243 1992 ac

138 2017 370 2083 ¹¹¹instituatur.

199 2113 229 2176 6.
260 2113 316 2176 Ex
340 2113 392 2176 his
414 2123 511 2195 patet
531 2115 620 2195 quod
644 2114 706 2176 nisi
729 2134 818 2177 nova
840 2114 986 2177 ecclesia
1008 2115 1139 2179 existat
1163 2136 1243 2198 quae

137 2207 253 2269 abolet
272 2207 372 2270 fidem
392 2209 424 2269 in
448 2217 518 2270 tres
537 2209 629 2271 Deos
645 2218 680 2270 et
700 2209 819 2289 recipit
838 2206 938 2270 fidem
955 2209 988 2270 in
1006 2228 1110 2271 unum
1127 2209 1243 2281 Deum,

137 2303 186 2363 ita
198 2302 231 2362 in
245 2300 427 2364 Dominum
445 2301 559 2383 Jesum
573 2301 756 2374 Christum,
773 2311 808 2364 et
822 2302 920 2363 simul
937 2301 1025 2364 hanc
1043 2321 1122 2364 cum
1139 2303 1243 2365 chari·

137 2403 210 2458 tate
229 2394 262 2457 in
282 2413 382 2457 unam
405 2395 546 2457 sormam
569 2394 756 2475 conjungit,
777 2413 845 2456 non
864 2396 971 2475 possit
995 2393 1065 2457 ulla
1083 2415 1164 2458 caro
1181 2397 1243 2458 sal·

137 2509 216 2551 vari.

201 2600 229 2662 7.
261 2583 426 2645 Videatur
439 2585 542 2645 etiam
556 2603 665 2664 supra,
680 2603 756 2664 pag.
773 2581 854 2664 [40],
868 2582 957 2662 quod
974 2582 1166 2663 redemptio
1182 2603 1243 2645 non

138 2683 286 2764 potuerit
305 2680 402 2754 effici,
420 2693 455 2743 et
475 2683 553 2743 inde
572 2700 633 2743 nec
654 2681 799 2741 salvatio
818 2681 899 2751 dari,
921 2680 982 2740 nisi
1002 2700 1022 2741 a
1047 2681 1123 2742 Deo
1142 2682 1243 2741 incar·

139 2787 230 2850 nat0,
245 2778 293 2838 ita
312 2795 378 2836 non
398 2775 441 2837 ab
457 2775 524 2835 alio
542 2793 642 2855 quam
661 2793 681 2834 a
699 2774 772 2835 Deo
789 2773 1020 2853 Redemptore
1038 2774 1118 2853 Jesu
1135 2773 1242 2836 Chris·

138 2881 186 2942 to,
205 2872 281 2951 quia
300 2869 445 2931 salvatio
464 2877 516 2929 est
536 2877 698 2949 perpetua
714 2867 924 2948 redemptio:
950 2876 1022 2928 tum
1039 2868 1143 2928 etiam
1161 2866 1242 2948 quod

140 2964 241 3037 Deus,
266 2964 359 3037 fides,
385 2974 419 3026 et
443 2962 590 3024 charitas
614 2962 680 3022 sint
705 2962 768 3023 tria
791 2960 986 3022 essentialia
1012 2961 1189 3033 ecclcsiae,
1212 2970 1242 3021 ct

139 3058 228 3137 quod
258 3058 301 3118 ab
331 3058 395 3119 illis
426 3058 580 3118 universa
611 3055 796 3135 theologia,
828 3056 877 3116 ita
907 3054 1061 3125 eeclesia,
1091 3056 1241 3135 pendeat.

140 3149 252 3231 Quare
275 3151 329 3212 ubi
357 3152 399 3212 de
429 3150 535 3212 tribus
563 3149 628 3211 illis
657 3149 740 3210 salsa
770 3149 949 3210 traduntur
978 3157 1014 3209 et
1044 3149 1241 3217 imbuuntur,

140 3245 267 3307 homini
286 3263 353 3305 non
370 3252 422 3305 est
439 3242 539 3304 salus.

202 3404 231 3470 7.
265 3385 580 3467 Clausala—Quod
598 3405 697 3448 nemo
714 3385 820 3467 possit
838 3384 981 3466 posthae
995 3385 1111 3446 venire
1127 3385 1159 3445 in
1173 3402 1241 3445 cae·

349 3483 417 3545 lum
449 3484 510 3543 nisi
541 3483 573 3542 in
604 3478 756 3542 doctrina
788 3479 906 3541 Novae
934 3479 1112 3541 Ecclesiae
1139 3475 1240 3560 quoad

349 3576 450 3638 fidem
467 3585 501 3637 et
515 3576 620 3637 vitam
634 3575 687 3635 sit.
725 3571 833 3635 Causa
846 3583 909 3646 est,
923 3574 1000 3653 quia
1014 3572 1149 3634 Novum
1163 3571 1240 3634 Cae·

350 3670 428 3741 lum,
447 3669 535 3750 quod
555 3688 575 3729 a
595 3667 742 3729 Domino
759 3686 845 3728 nunc
865 3667 1089 3728 instauratum
1112 3674 1175 3739 est,
1194 3671 1240 3727 est

349 3760 466 3826 infide
485 3771 519 3824 et
539 3762 609 3823 vita
628 3760 811 3823 secundum
832 3759 924 3821 illam
943 3759 1145 3822 doctrinam.
