2776 5040
545 488 595 540 ua
617 485 848 538 canamus.
1213 487 1249 555 5¹1

130 658 301 740 recipiunt
324 659 459 732 bonum,
480 656 540 720 sed
562 654 713 737 rejiciunt
735 653 837 732 illud;
860 661 912 717 est
936 654 1024 717 enim
1047 653 1153 718 simile
1176 674 1253 718 cum

132 752 272 817 homine
289 753 345 834 qui
367 752 401 821 in
418 750 515 814 malis
530 760 593 824 est,
609 751 695 813 sicut
711 758 764 813 est
786 768 862 812 cum
885 748 1027 811 diabolis
1048 749 1082 811 in
1105 748 1252 825 inlerno;

132 846 224 927 apud
240 846 304 909 hos
321 843 425 909 influit
441 844 606 908 Dominus
621 862 697 905 cum
713 842 813 917 bono,
824 862 929 923 aeque
945 843 1031 905 sicut
1046 841 1151 905 influit
1164 842 1253 923 apud

134 938 279 1019 angelos
295 940 329 1001 in
345 937 441 1002 coelo
456 959 463 1016 ;
486 936 547 1001 sed
569 935 694 1000 diaboli
716 956 784 999 non
807 936 970 1017 recipiunt
993 934 1086 1011 illud,
1102 936 1162 999 sed
1178 957 1253 999 ver·

135 1041 215 1095 tunt
231 1032 357 1096 bonum
379 1033 412 1094 in
429 1030 554 1094 malum
570 1040 604 1095 et
621 1049 735 1092 verum
758 1030 791 1093 in
813 1028 944 1106 falsum,
959 1039 1012 1094 est
1035 1031 1124 1093 enim
1147 1029 1253 1093 sorma

134 1126 227 1188 vitae
250 1123 383 1188 illorum
407 1124 495 1199 talis,
519 1134 553 1188 et
576 1143 677 1187 omne
700 1122 789 1205 quod
812 1122 920 1186 influit
933 1124 1075 1187 vertitur
1090 1124 1124 1186 in
1146 1123 1253 1187 simile
1344 1179 1348 1187 .

134 1218 274 1293 lormae,
291 1219 377 1282 sicut
393 1238 493 1299 purus
509 1217 601 1281 calor
616 1216 696 1280 solis
712 1218 853 1280 vertitur
867 1217 901 1279 in
924 1217 1059 1280 nidores
1080 1226 1195 1298 putres
1217 1228 1254 1281 et

136 1310 362 1376 maleolentes
377 1312 456 1375 dum
472 1311 577 1375 influit
599 1312 633 1374 in
649 1312 759 1373 urinas
774 1320 964 1391 stagnatas,
980 1320 1131 1374 stercora
1146 1321 1181 1375 et
1197 1331 1254 1375 ca·

136 1406 282 1482 davera;
307 1405 458 1468 similiter
473 1404 532 1467 lux
548 1424 630 1486 pura
645 1404 725 1468 solis
739 1404 880 1467 influens
894 1405 929 1466 in
940 1402 1072 1485 objeeta
1087 1407 1120 1468 in
1136 1406 1254 1488 quibus

137 1499 252 1563 omnia
279 1509 358 1562 sunt
384 1499 585 1573 inordinata,
611 1499 645 1561 in
672 1497 802 1562 colores
828 1508 955 1576 tetros;
985 1498 1137 1562 similiter
1162 1498 1254 1563 calor

138 1591 309 1668 coelestis,
323 1593 378 1675 qui
393 1603 446 1656 est
462 1591 620 1655 Divinum
633 1591 775 1666 Bonum,
788 1601 824 1655 et
841 1591 900 1654 lux
915 1591 1082 1667 coelestis,
1099 1613 1185 1675 quae
1201 1602 1254 1657 est

139 1685 300 1750 Divinum
310 1686 448 1758 Verum,
459 1685 548 1766 apud
560 1685 730 1749 hominem
741 1685 832 1766 cujus
842 1686 931 1749 vitae
943 1685 1049 1749 forma
1058 1696 1110 1749 est
1122 1688 1255 1750 inversa

139 1800 179 1844 ac
205 1780 332 1844 formae
358 1778 499 1842 coelesti
525 1780 691 1860 opposita.
737 1778 820 1842 Inde
850 1769 959 1860 patet,
981 1779 1070 1860 quod
1096 1781 1255 1862 quamdiu

139 1874 243 1937 homo
265 1892 333 1935 non
360 1872 443 1953 fugit
466 1871 555 1935 mala
577 1883 614 1936 ut
638 1883 789 1954 peccata,
813 1892 881 1935 non
905 1874 1011 1953 possit
1033 1872 1131 1937 aliter
1152 1893 1254 1955 quam

140 1987 253 2031 amare
269 1966 358 2029 mala
375 1988 382 2043 ;
406 1976 440 2029 et
463 1986 557 2029 amor
572 1967 661 2046 apud
685 1967 939 2047 unumquemvis
953 1966 1032 2029 lacit
1047 1967 1188 2030 formam
1205 1969 1253 2030 vi·

141 2072 198 2125 tae
220 2060 300 2141 ejus.
346 2060 410 2124 Est
433 2062 661 2141 comparative
684 2061 770 2124 sicut
793 2061 901 2134 arbor,
920 2081 1005 2142 quae
1028 2061 1055 2123 si
1078 2061 1167 2124 mala
1188 2071 1253 2136 est,

139 2156 258 2236 recipit
274 2153 426 2217 similiter
441 2153 586 2217 calorem
603 2163 638 2217 et
655 2152 763 2217 lucem
786 2175 806 2216 a
828 2153 900 2216 sole
916 2155 1001 2218 sicut
1024 2155 1123 2218 arbor
1144 2155 1253 2233 bona;

137 2248 197 2312 sed
221 2268 325 2330 usque
348 2267 416 2311 non
439 2257 553 2328 potest
577 2247 760 2329 producere
783 2245 917 2325 frudtus,
941 2249 1003 2311 nisi
1025 2247 1151 2312 formae
1173 2269 1253 2313 suae

138 2339 275 2415 similes,
288 2353 324 2404 et
340 2343 387 2404 ita
399 2341 527 2418 malos;
550 2351 586 2404 et
602 2351 679 2405 sunt
695 2342 924 2422 comparative
940 2342 1026 2404 sicut
1041 2339 1165 2406 herbae
1181 2364 1253 2408 ma·

143 2435 256 2517 lignae
278 2446 313 2499 et
336 2437 470 2511 noxiae,
487 2456 571 2516 quae
594 2455 699 2516 aeque
715 2436 819 2497 vitam
835 2437 1060 2516 vegetationis
1082 2457 1161 2501 suae
1184 2448 1254 2502 tra·

140 2530 226 2593 hunt
242 2550 288 2593 ex
304 2528 416 2592 calore
438 2539 473 2593 et
496 2528 570 2592 luce
592 2528 683 2603 solis,
699 2530 785 2592 sicut
808 2528 931 2592 herbae
954 2530 1063 2594 bonae
1085 2541 1120 2594 et
1143 2532 1253 2608 utiles,

140 2633 175 2687 et
191 2643 295 2705 usque
311 2642 378 2686 non
402 2631 542 2703 possunt
558 2622 741 2703 producere
757 2620 846 2685 aliud
869 2643 969 2705 quam
991 2624 1079 2706 quod
1096 2627 1254 2690 convenit

138 2716 266 2780 formae
282 2716 422 2779 illarum.
466 2715 702 2798 Unusquisque
726 2715 829 2780 homo
844 2729 896 2780 est
912 2717 1017 2780 forma
1038 2719 1088 2781 sui
1111 2721 1253 2797 amoris;

138 2830 208 2874 non
237 2808 328 2872 aliud
357 2809 479 2872 format
509 2808 679 2872 hominem
705 2809 816 2891 quoad
846 2809 916 2891 ejus
945 2811 1127 2892 spirituale,
1154 2833 1254 2894 quam

137 2923 253 2980 amor3
276 2903 303 2966 si
325 2912 417 2966 amat
434 2901 532 2977 mala,
549 2901 586 2966 fit
601 2903 707 2966 forma
719 2903 807 2979 mali,
821 2924 905 2986 quae
922 2913 974 2968 est
990 2904 1095 2968 forma
1109 2905 1253 2971 inferna-

139 2996 199 3074 lis;
223 2997 250 3059 si
266 3017 346 3060 vero
361 3008 452 3059 amet
475 2997 573 3071 bona,
591 2995 628 3059 lit
651 2997 756 3060 forma
773 2997 862 3072 boni,
879 3009 1033 3080 quaeest
1055 2999 1160 3063 forma
1176 3021 1253 3064 coe·

137 3089 253 3167 lestis;
276 3090 353 3153 inde
369 3099 464 3170 patet
477 3090 567 3172 quod
583 3091 644 3153 nisi
660 3090 762 3153 homo
773 3091 857 3172 fugit
874 3091 962 3155 mala
978 3102 1015 3156 ut
1030 3104 1181 3174 peccata,
1195 3093 1254 3160 fiat

136 3183 244 3248 forma
259 3184 382 3246 mentis
397 3181 467 3262 ejus
482 3183 593 3265 quoad
609 3184 792 3266 spiritualia
808 3185 913 3249 forma
928 3186 1106 3262 infernalis,
1120 3208 1204 3269 quae
1220 3189 1254 3251 in

135 3266 172 3341 se
187 3297 257 3340 non
270 3275 404 3358 aliquod
420 3277 544 3340 bonum
560 3298 581 3340 a
593 3277 739 3341 Domino
752 3280 879 3360 recipit,
892 3279 1032 3360 proinde
1044 3300 1106 3344 nec
1118 3280 1254 3364 aliquod

138 3370 276 3445 bonum,
292 3369 382 3452 quod
405 3371 438 3433 in
461 3391 497 3433 se
520 3372 644 3434 bonum
664 3383 728 3446 est,
746 3373 909 3453 producit.
955 3373 1119 3437 Dominus
1138 3386 1254 3456 potest

137 3464 322 3545 producere
352 3464 476 3527 bonum
500 3484 559 3546 per
590 3467 843 3547 unumquemvis
873 3466 1056 3543 hominem,
1079 3478 1113 3532 et
1137 3479 1254 3550 potest

137 3567 270 3622 vertere
287 3556 423 3632 malum,
440 3559 529 3640 quod
549 3558 655 3621 malus
672 3558 775 3623 homo
791 3560 956 3641 producit,
973 3562 1006 3625 in
1022 3561 1168 3640 bonum;
1192 3582 1254 3644 po-

136 3661 207 3716 test
219 3652 371 3715 excitare
383 3650 508 3714 malum
524 3651 695 3715 hominem
711 3654 754 3716 ad
770 3653 958 3729 iaciendum
974 3654 1099 3718 bonum
1115 3666 1254 3738 propter

135 3766 171 3810 se
187 3755 224 3809 et
239 3754 378 3825 propter
393 3745 564 3822 mundum,
580 3746 640 3808 sed
656 3757 736 3810 tunc
754 3746 919 3811 Dominus
934 3768 1002 3812 non
1019 3749 1125 3814 influit
1148 3751 1181 3813 in
1201 3751 1252 3831 lp·

135 3841 203 3903 sius
218 3837 363 3902 hominis
379 3837 514 3915 malum,
530 3839 590 3902 sed
606 3841 729 3903 circum
746 3840 826 3903 illud
842 3843 876 3904 ln
893 3841 1096 3923 peripherias
1112 3843 1191 3925 ejus,
1205 3845 1253 3908 ita

134 3934 168 3997 in
184 3942 366 3997 externum
378 3930 458 4012 ejus,
470 3951 529 4013 per
541 3933 630 4014 quod
647 3933 749 3996 homo
762 3933 833 3997 vult
850 3954 1010 4016 apparere
1023 3936 1109 4000 sicut
1125 3936 1252 4016 bonus;

135 4047 237 4109 quare
255 4026 289 4089 id
305 4025 431 4088 bonum
448 4035 501 4089 est
521 4025 694 4106 superficie
711 4037 809 4091 tenus
825 4028 961 4104 bonum,
977 4029 1037 4092 sed
1053 4031 1253 4095 intrinsecus

134 4118 282 4196 malum;
305 4129 359 4182 est
374 4119 462 4182 sicut
479 4129 609 4183 stercus
625 4130 788 4196 auratum,
806 4122 894 4202 apud
917 4122 1122 4203 hypocritas,
1140 4134 1176 4188 ut
1193 4125 1251 4188 vix

132 4212 290 4277 credatur
305 4211 403 4275 aliter
418 4231 519 4295 quam
541 4212 631 4295 quod
654 4234 771 4294 purum
794 4234 908 4277 aurum
925 4217 968 4280 sit
980 4237 988 4293 ;
1015 4216 1075 4280 sed
1098 4236 1201 4300 usque
1224 4220 1252 4282 si

134 4305 335 4370 admovetur
358 4307 428 4369 nari
450 4317 569 4371 acutae
593 4308 804 4382 sensationis,
828 4309 1008 4389 percipitur
1030 4330 1074 4372 ex
1101 4320 1251 4374 stercore

133 4399 201 4483 ejus
217 4401 326 4464 nidor.
370 4399 438 4463 Sed
459 4400 543 4464 haec
560 4399 659 4482 plene
674 4411 813 4465 ostensa
828 4414 907 4465 sunt
923 4403 956 4464 in
970 4403 1135 4467 Dollrina
1158 4403 1253 4468 Vitae
