2776 5040
551 497 602 549 oa
624 497 856 553 ennarrans.
1218 509 1261 576 43

135 682 246 738 onem,
263 662 349 728 talia
364 673 441 729 sunt
458 666 571 732 omnia
585 688 671 750 quae
686 672 873 750 procedunt
889 673 933 736 ab
948 672 1015 737 illo.
1054 672 1108 738 Sic
1123 673 1262 740 deduci·

135 766 188 819 tur
204 758 248 820 ad
264 759 466 823 societatem
489 761 544 824 ubi
559 761 628 843 ejus
644 761 775 828 afledtio
791 775 854 828 est.

197 855 251 918 Illi
268 857 326 938 qui
341 858 373 919 in
389 855 561 922 beneadtis
576 879 634 922 seu
647 861 815 925 beneficiis
831 863 896 926 illis
910 874 1040 944 ponunt
1053 865 1161 930 solum
1179 868 1260 933 cha·

134 949 283 1024 ritatem,
301 951 329 1013 si
344 970 412 1014 non
427 951 461 1014 in
481 971 517 1016 se
533 952 733 1017 charitatem
755 955 896 1031 habent,
913 959 1053 1022 interius
1069 980 1145 1024 cum
1161 961 1261 1026 inser·

134 1042 266 1105 nalibus
289 1063 327 1106 se
356 1043 574 1127 conjungunt,
598 1057 634 1111 et
662 1051 815 1112 exterius
843 1070 920 1113 cum
950 1052 1176 1134 coelestibus;
1199 1055 1273 1120 sed·

134 1136 299 1200 unicuivis
314 1136 459 1202 aufertur
474 1140 634 1218 exterius,
650 1150 686 1206 et
702 1141 900 1225 relinquitur
915 1145 1064 1210 interiori
1078 1166 1150 1212 suo.

680 1559 723 1624 X.

134 1777 249 1864 QUOD
273 1793 415 1844 DEBITA
435 1792 664 1844 CHARITATIS
686 1792 772 1844 SINT
793 1793 927 1855 ΟΜΝΙΑ,
944 1794 1116 1845 PRAETER
1140 1794 1258 1846 SUPRA

262 1891 489 1955 MEMORATA,
505 1892 606 1956 QUAE
629 1891 813 1942 HOMINEM
837 1891 1010 1942 OPORTET
1033 1892 1190 1943 FACERE.

198 2088 326 2153 Debita
349 2090 523 2154 charitatis
545 2098 624 2153 sunt
647 2089 774 2153 tributa
796 2109 857 2171 pro
879 2090 978 2153 variis
1000 2090 1258 2153 necessitatibus

132 2193 168 2247 et
192 2204 255 2264 pro
275 2183 374 2246 variis
397 2184 509 2246 usibus
530 2183 564 2245 in
588 2183 786 2265 Republica,
802 2204 888 2265 quae
911 2184 1052 2247 subditis
1074 2194 1109 2247 et
1132 2184 1258 2246 civibus

133 2278 294 2358 imposita
314 2286 412 2354 sunt;
436 2286 513 2340 sunt
529 2273 710 2359 vedtigalia
731 2276 945 2352 teloniorum,
962 2287 1114 2357 sumptus
1136 2286 1171 2340 et
1195 2277 1256 2341 im·

134 2390 260 2452 pensae
277 2389 338 2450 pro
350 2370 446 2433 variis
459 2370 716 2433 necessitatibus
731 2380 766 2435 et
783 2371 895 2434 usibus
908 2371 1008 2446 domi,
1020 2392 1104 2452 quae
1117 2390 1256 2434 concer-

134 2474 221 2528 nunt
236 2473 347 2526 semet
366 2464 466 2544 ipsos,
483 2483 634 2541 uxorem,
650 2463 783 2539 liberos,
799 2463 953 2540 famulos,
969 2464 1119 2539 ancillas,
1136 2483 1256 2545 opera-

132 2559 211 2632 rios,
225 2568 260 2621 et
273 2557 391 2620 horum
404 2557 548 2620 vicissim
562 2578 569 2634 ;
586 2567 658 2620 tum
671 2556 781 2639 aliqua
793 2578 878 2639 quae
891 2577 951 2640 per
962 2560 1159 2639 sponsiones
1173 2555 1256 2623 liunt

133 2651 260 2716 debita.
300 2651 436 2715 Praeter
448 2651 531 2714 haec
544 2651 646 2714 etiam
659 2661 737 2714 sunt
748 2651 857 2714 civilia
870 2672 954 2734 quae
967 2661 1044 2714 sunt
1058 2652 1255 2715 subordina-

133 2746 246 2819 tionis,
270 2745 494 2820 obedientiae,
518 2744 655 2807 honoris
679 2754 713 2807 et
736 2745 1013 2818 conversationis,
1033 2765 1118 2826 quae
1140 2745 1257 2810 debita

133 2838 289 2914 dicenda,
303 2840 378 2921 quia
394 2839 563 2902 hominem
580 2848 716 2919 oportet
733 2838 791 2901 illa
802 2837 921 2901 facere.
966 2835 1034 2900 Sed
1050 2838 1133 2901 haec
1149 2848 1185 2903 et
1198 2838 1257 2902 illa

133 2935 166 2996 in
182 2935 296 3015 specie
309 2952 502 2996 enumerare
515 2931 600 2994 foret
617 2930 755 3012 implere
768 2932 1009 2995 membranam.
1054 2931 1157 2995 Varia
1169 2952 1256 3014 quae

134 3027 229 3109 leges
246 3026 358 3107 Regni
381 3027 568 3107 imponunt,
585 3036 749 3088 vocantur
764 3025 880 3088 debita
892 3025 1066 3088 charitatis
1081 3026 1158 3107 quia
1173 3025 1254 3089 cha·

133 3123 215 3185 ritas
231 3120 309 3183 iacit
326 3118 383 3182 illa
398 3139 443 3182 ex
455 3119 582 3196 debito,
595 3128 630 3182 et
646 3138 715 3181 non
727 3139 772 3181 ex
788 3117 1013 3198 beneplacito,
1030 3127 1065 3182 et
1081 3118 1157 3201 quia
1173 3119 1254 3183 cha·

133 3216 215 3278 ritas
231 3208 364 3294 sped'tat
380 3211 438 3275 illa
453 3222 489 3275 ut
506 3233 592 3287 usus,
610 3213 688 3276 iacit
705 3211 762 3275 illa
777 3213 906 3275 sincere
923 3221 957 3275 et
977 3212 1133 3294 benigne.
1178 3210 1254 3275 Sin-

133 3309 257 3371 ceritas
280 3315 316 3369 et
340 3306 532 3388 benignitas
554 3306 726 3369 charitatis
748 3314 826 3369 sunt
856 3307 889 3368 in
912 3307 1004 3370 omni
1027 3306 1142 3369 debito
1164 3307 1254 3370 intus

134 3402 223 3483 apud
235 3399 311 3464 illos
323 3401 378 3483 qui
390 3401 423 3462 in
432 3400 597 3463 charitate
605 3409 681 3463 sunt
694 3421 702 3478 ;
716 3401 775 3464 sed
788 3409 822 3463 et
832 3400 1006 3463 sinceritas
1014 3409 1049 3464 et
1062 3400 1254 3482 benignitas

133 3504 211 3558 sunt
227 3494 412 3557 secundum
433 3514 521 3567 usus,
538 3514 620 3576 quos
638 3494 670 3556 in
687 3494 808 3557 debitis
827 3494 1044 3575 prospiciunt,
1061 3503 1096 3556 et
1119 3513 1252 3576 quoque

133 3588 318 3652 secundum
334 3588 620 3669 dispensationem
637 3608 752 3650 usuum
768 3607 869 3670 quam
886 3597 1019 3650 norunt.

197 3681 249 3744 At
272 3681 391 3744 eadem
407 3682 523 3745 debita
545 3681 633 3762 apud
656 3681 731 3744 illos
754 3683 809 3764 qui
832 3702 899 3745 non
923 3682 957 3744 in
981 3681 1147 3745 charitate
1164 3690 1254 3759 sunt,

133 3784 299 3858 apparent
314 3775 432 3839 similia
442 3776 474 3837 in
487 3776 649 3848 externis,
660 3774 720 3837 sed
735 3795 803 3837 non
816 3786 893 3838 sunt
909 3775 1029 3839 similia
1044 3776 1077 3838 in
1093 3776 1253 3852 internis;

134 3869 224 3952 apud
246 3870 308 3932 hos
324 3870 414 3932 enim
431 3888 498 3932 non
514 3879 567 3931 est
583 3869 758 3930 sinceritas
782 3887 843 3931 nec
866 3869 1061 3951 benignitas
1076 3890 1083 3947 ;
1107 3888 1209 3951 quare
1225 3868 1253 3931 si

135 3982 204 4029 non
220 3965 344 4027 timent
367 3962 471 4045 leges,
488 3972 546 4025 aut
562 3963 589 4024 si
607 3962 668 4025 has
684 3961 747 4032 sub
761 3959 872 4043 aliqua
888 3964 1000 4041 specie
1019 3973 1160 4043 possunt
1183 3960 1254 4025 elu-

136 4058 226 4132 dere,
250 4056 459 4121 defraudant.
516 4055 620 4137 Apud
644 4056 706 4118 hos
731 4075 798 4118 non
822 4055 930 4118 solum
955 4055 1024 4129 illa,
1043 4076 1128 4138 quae
1153 4075 1254 4138 supra

136 4160 323 4216 memorata
339 4160 428 4224 sunt,
444 4150 561 4214 debita
576 4160 665 4222 sunt,
682 4149 742 4212 sed
759 4150 862 4212 etiam
886 4147 980 4230 leges
995 4148 1145 4230 justitiae
1160 4171 1168 4227 3
1191 4151 1253 4215 has

138 4248 224 4309 enim
239 4255 378 4309 servant
395 4265 440 4307 ex
456 4245 577 4307 timore
594 4262 724 4325 poenae
740 4251 776 4306 et
792 4240 942 4323 jadturae
958 4242 1077 4317 lamae,
1094 4252 1130 4306 et
1154 4262 1254 4324 prop·

139 4349 188 4403 ter
202 4340 285 4404 haec
302 4359 348 4402 ex
365 4338 480 4403 debito
496 4347 532 4402 et
548 4357 617 4401 non
632 4358 676 4401 ex
693 4355 807 4400 amore
819 4335 911 4418 justi,
928 4337 976 4400 ita
992 4355 1060 4400 non
1076 4357 1121 4400 ex
1137 4355 1252 4400 amore

140 4435 289 4514 proximi.
