2776 5040
320 505 369 556 ut
391 505 476 572 EJUS
498 503 695 557 DOCTRINA
718 506 992 559 CAELESTL—N.
1009 509 1080 558 222.
1205 509 1267 576 129

131 688 238 755 quam
248 670 380 728 vitiums
388 684 434 728 est
444 672 474 727 in
482 683 644 729 aeternum:
657 673 730 728 haec
737 673 799 728 vita
806 674 983 729 describitur
991 673 1021 728 in
1029 673 1129 729 Verbo
1140 674 1266 729 insensu

132 742 267 798 litterae
275 759 328 813 per
336 742 408 798 talia
416 758 492 814 quae
501 753 572 798 sunt
578 744 657 798 vitae
665 744 805 814 corporis.
814 761 921 814 nempe
931 752 1123 814 per‘camem
1133 744 1267 799 'et·san·

132 812 271 883 guinem
279 813 296 874 ς’
313 823 345 868 et
355 813 427 895 quia
435 813 497 868 vita
509 813 671 883 spiritualis
683 814 813 869 hominis
825 815 960 870 subsistit
972 831 1024 884 per
1033 814 1144 869 bonum
1157 815 1268 877 amoris

131 893 171 938 et
182 898 293 936 verum
303 881 381 944 fider,
392 883 462 939 idco
470 883 582 938 bonum
592 884 701 940 amoris
714 884 806 940 inteli'
829 884 888 939 itur
900 900 952 953 per
962 884 1113 945 ‘camem'
1122 895 1154 938 et
1163 900 1266 940 verum

134 951 217 1008 fidei
238 968 292 1023 per
304 953 512 1024 ‘sanguinem'
526 953 555 1007 in
570 970 658 1009 sensu
674 955 791 1010 interno
834 954 913 1009 erbi:
935 955 1008 1008 haec
1024 971 1076 1024 per
1088 962 1221 1009 ‘carnem
1236 963 1268 1008 et

133 1022 340 1093 sanguinem’
356 1023 561 1094 intelliguntur
579 1024 609 1077 in
628 1024 726 1087 caelo:
747 1024 884 1079 similiter
935 1041 950 1078 r
964 1031 1086 1094 ‘panem
1101 1036 1132 1078 et
1147 1024 1267 1084 vinum·

133 1092 292 1163 quoniam
308 1109 361 1163 per
374 1093 509 1175 ‘panem'
525 1110 644 1164 prorsus
662 1094 757 1148 simile
778 1094 817 1148 ibi
837 1094 898 1149 inte
910 1094 1011 1164 ligitur
1025 1095 1105 1164 quod
1126 1110 1178 1164 per
1190 1102 1268 1148 ‘car-

135 1162 235 1223 nem.'
248 1173 280 1217 ct
293 1179 345 1233 per
357 1164 489 1217 ‘vinum'
503 1180 622 1232 prorsus
635 1164 730 1219 simile
745 1164 825 1234 quod
843 1181 895 1234 per
907 1164 1113 1235 ‘sanguinem'
1151 1163 1209 1219 Sed
1225 1163 1267 1218 illi

135 1233 196 1303 qui
209 1248 273 1287 non
282 1233 450 1303 spirituales
459 1234 595 1288 homines
604 1244 682 1295 sunt.
692 1234 749 1288 hoc
758 1250 818 1289 non
827 1234 965 1304 capiunt;
979 1245 1117 1288 maneant
1128 1234 1227 1304 itaque
1237 1233 1266 1287 in

135 1319 199 1358 sua
213 1302 282 1364 lide.
296 1303 387 1358 modo
399 1304 523 1358 credant
535 1302 616 1374 quod
631 1304 660 1357 in
674 1302 764 1358 Sacra
776 1303 858 1359 Cena
870 1320 904 1358 ac
918 1304 948 1358 in
958 1303 1058 1358 Verbo
1071 1303 1205 1359 sancium
1218 1303 1267 1365 sit,

139 1373 219 1443 quia
231 1388 250 1427 a
264 1371 403 1428 Domino.
435 1371 481 1428 Sit
493 1375 573 1456 quod
589 1390 648 1428 non
661 1375 757 1430 sciant
769 1374 819 1428 ubi
833 1374 862 1428 id
876 1373 1026 1436 santium
1044 1390 1138 1444 usque
1150 1374 1201 1444 qui
1215 1374 1268 1428 aii-

140 1458 207 1513 qua
221 1443 413 1513 perceptione
426 1443 565 1498 interiore
578 1445 698 1533 pollent,
708 1444 877 1515 expendant
890 1461 961 1498 num
973 1460 1043 1499 caro
1055 1460 1108 1515 per
1117 1443 1268 1505 ‘camum'

142 1523 175 1569 et
189 1512 315 1584 sanguis
327 1514 576 1585 per·sanguinem
602 1513 783 1586 intelligatur
795 1514 824 1568 in
838 1514 885 1569 his
897 1515 971 1570 locis
979 1513 1058 1568 2-1n
1067 1515 1249 1585 Apocalypsi

191 1642 267 1691 ‘Vidi
280 1644 393 1703 angelum
402 1651 504 1690 stantem
515 1646 540 1690 in
550 1645 608 1699 sole,
619 1645 661 1704 qui
670 1645 781 1691 clamavit
790 1634 851 1692 doce
864 1658 960 1704 magua,
971 1645 1053 1692 dicens
1063 1646 1175 1692 omnibus
1184 1645 1269 1691 aribus

271 1705 406 1751 volantibus
413 1705 438 1750 iu
446 1705 526 1751 medio
533 1704 600 1758 caeli.
608 1741 613 1753 .
622 1740 628 1752 .
636 1705 821 1764 congregamini
829 1706 861 1752 ad
869 1719 953 1752 uenam
962 1706 1043 1764 magni
1052 1706 1110 1760 θεὶς
1122 1713 1149 1752 ut
1156 1707 1269 1752 comeda·

271 1764 300 1810 tis
309 1777 393 1810 carnes
402 1778 494 1823 regum,
502 1772 527 1811 et
536 1779 619 1811 carnes
626 1765 817 1819 chiliarchomm,
825 1773 849 1811 et
859 1778 943 1812 onmes
952 1766 1056 1819 fortium,
1067 1773 1091 1811 et
1100 1778 1184 1812 carnes
1194 1779 1269 1824 equo-

270 1837 324 1871 rum
334 1831 359 1870 et
368 1825 501 1871 sedentium
512 1839 584 1884 super
594 1826 646 1879 illis,
654 1832 678 1872 et
688 1839 771 1872 onmes
781 1827 890 1872 omnium
900 1826 1028 1872 liberomm
1039 1833 1063 1871 et
1073 1839 1204 1879 servorum.
1215 1840 1269 1885 par-

270 1898 357 1931 vorum
366 1893 391 1931 et
400 1885 556 1945 magnomm'
569 1885 627 1944 (xix.
640 1898 676 1943 ¹7·
689 1887 742 1945 18);

153 2011 217 2093 quis
232 2025 359 2080 usquam
374 2011 448 2065 haec
462 2011 616 2082 intelliget,
634 2011 689 2066 nisi
705 2011 780 2067 sciat
795 2012 865 2082 quid
883 2011 981 2067 ‘caro'
998 2012 1028 2065 in
1046 2028 1134 2066 sensu
1152 2012 1268 2067 interno

154 2080 307 2163 signifieat,
321 2092 353 2135 et
368 2081 518 2164 ‘nisi-quid
535 2083 651 2164 'reges'
664 2082 849 2142 ‘chiliarchi’
863 2082 987 2143 ‘fortes'
1001 2082 1102 2152 'equi'
1115 2082 1269 2138 ‘sedentes

154 2165 240 2221 super
253 2151 328 2213 dlis:
342 2151 454 2206 ‘liberi’
467 2162 498 2206 et
511 2163 601 2207 ‘servi
611 2150 632 2206 i'
670 2151 707 2206 Et
720 2153 798 2223 apud
812 2153 996 2214 Ezechielem,

194 2283 250 2332 ‘sie
265 2283 325 2330 dixit
340 2283 460 2331 Dominus
474 2284 586 2346 Jehovih.
598 2284 645 2330 Dic
660 2284 726 2355 omni
741 2285 780 2330 avi
795 2284 862 2338 saell,
874 2284 948 2355 omni.
956 2284 1046 2330 bestiae
1061 2284 1119 2342 agri.
1132 2283 1270 2342 cougrega-

271 2344 330 2416 mini
339 2351 364 2391 et
373 2345 464 2415 venitm
477 2351 620 2415 congregate
627 2358 670 2390 vos
680 2358 696 2390 a
705 2345 804 2391 circuitu
812 2358 884 2403 super
890 2344 1032 2416 sacrificium
1040 2357 1129 2416 melun.
1138 2345 1204 2401 quod
1216 2343 1269 2413 ng

271 2404 378 2451 saonlioo
392 2405 467 2456 vobis.
477 2404 619 2450 mondoum
635 2418 749 2464 maguum
761 2418 834 2463 super
847 2405 968 2451 montibus
985 2404 1085 2474 Israelis,
1096 2410 1123 2449 ut
1138 2404 1269 2473 comedatis

270 2478 368 2536 caruem
388 2472 412 2511 et
431 2464 525 2535 bibatis·
535 2465 688 2535 sanguninem:
709 2478 809 2535 onmem
823 2465 919 2536 fortium
933 2466 1071 2536 comedetis,
1087 2471 1111 2509 et
1128 2476 1268 2533 sanguinem

270 2525 411 2654 m
416 2524 1269 2652 &ibiibuffl‘i‘lrilib‘lulliltilaiiliii?

266 2643 410 2690 satiabimini
422 2656 495 2702 super
506 2656 589 2688 mensa
601 2656 663 2696 mea,
673 2656 745 2700 equo.
756 2650 780 2688 et
795 2655 875 2695 curru,
886 2642 947 2695 tom,
960 2648 984 2687 et
999 2653 1065 2686 omni
1075 2654 1128 2686 vtro
1139 2640 1209 2687 belh:
1229 2674 1268 2689 ...

265 2703 301 2751 sic
311 2704 376 2750 dabo
405 2703 413 2748 i
442 2703 448 2714 ’
591 2703 596 2714 ’
616 2710 625 2749 t
709 2709 718 2747 t
752 2702 780 2761 '(
832 2702 837 2714 '
951 2700 984 2758 )''

387 2716 489 2762 gorram
500 2716 579 2749 meam
590 2717 614 2748 ιιι
625 2717 652 2748 er
661 2716 707 2762 gen
718 2716 744 2748 es
783 2715 863 2749 xxxix.
875 2714 947 2759 17-21
963 2736 968 2748 .

151 2831 270 2904 (Agitur
280 2830 320 2885 ibi
333 2830 371 2885 de
381 2831 596 2885 convocatione
609 2830 742 2884 omnium
756 2829 793 2883 ad
808 2845 931 2899 regnum
944 2827 1073 2890 Domini,
1083 2837 1114 2883 et
1128 2828 1157 2881 in
1170 2828 1268 2899 specie

152 2906 186 2962 de
199 2907 415 2962 instauratione
424 2906 565 2961 ecciesiae
577 2907 656 2976 apud
669 2919 790 2978 gentes3
808 2918 839 2962 et
852 2924 904 2977 per
913 2915 930 2937 ‘⁴
937 2907 1093 2961 comedere
1105 2921 1223 2960 carnem
1238 2917 1269 2960 et

152 2987 250 3043 bibere
263 2986 465 3057 sanguinem,”
478 2986 661 3057 significatur
673 2988 863 3057 appropriare
876 2987 931 3041 sibi
946 2986 1089 3040 Divinum
1104 2985 1221 3039 Bonum
1237 2997 1269 3040 et

154 3065 296 3122 Divinum
310 3066 430 3128 Vemm,
444 3067 486 3121 ita
500 3065 635 3122 santium
648 3068 728 3137 quod
745 3067 880 3138 procedit
895 3083 913 3121 a
926 3067 1036 3120 Divino
1051 3065 1192 3120 Humano
1206 3065 1268 3121 Do-

152 3148 232 3203 mini.
256 3145 333 3219 Quis
344 3164 403 3202 nou
412 3147 514 3201 videre
525 3159 624 3218 potest
634 3149 714 3218 quod
726 3164 785 3202 non
796 3164 865 3202 caro
876 3163 928 3217 per
936 3155 951 3176 ¹·
959 3163 1077 3201 carnem
1086 3146 1101 3167 ''
1109 3158 1139 3201 et
1149 3147 1269 3218 sanguis

152 3244 202 3299 per
211 3228 410 3299 “sanguinem
419 3229 434 3249 ”
445 3228 484 3283 ibi
496 3227 699 3299 intelligatur?
712 3238 745 3282 ut
755 3229 835 3298 quod
848 3237 988 3283 “carnem
999 3228 1120 3282 fortium
1131 3229 1269 3284 comede·

152 3308 242 3372 rent,”
254 3309 455 3380 “sanguinem
468 3309 635 3379 principum
648 3318 743 3363 terrae
758 3308 919 3370 biberent,”
932 3321 962 3364 et
974 3309 1055 3379 quod
1069 3310 1267 3380 “sanguinem

153 3388 288 3445 biberent
300 3405 394 3460 usque
408 3390 446 3443 ad
462 3389 635 3444 ebrietatem
644 3389 668 3451 ;”
686 3399 751 3443 tum
764 3389 845 3459 quod
859 3398 875 3418 ‘⁴
884 3390 1061 3444 satiarentur
1073 3405 1158 3459 equo,
1171 3406 1267 3454 curru,

153 3467 219 3524 lorti
232 3480 265 3525 et
277 3469 359 3524 omni
371 3469 437 3525 viro
450 3469 546 3524 belli.”
572 3468 664 3541 (Quid
679 3485 731 3538 per
740 3476 832 3523 “aves
845 3469 918 3524 caeli
927 3470 942 3488 ”
952 3480 983 3524 et
993 3477 1008 3498 ‘⁸
1018 3469 1127 3523 bestias
1139 3470 1201 3540 agri
1212 3469 1227 3488 ’⁹
1238 3470 1268 3524 iu

153 3563 237 3605 sensu
251 3550 397 3620 spirituali
411 3549 602 3621 significatur.
612 3549 748 3603 videatur
761 3549 790 3602 in
803 3564 892 3618 opere
902 3550 947 3603 De
961 3549 1044 3604 Caelo
1056 3555 1084 3602 et
1095 3550 1225 3620 Inserne.
1239 3566 1268 3606 u.

156 3641 210 3693 tro,
222 3639 254 3685 et
267 3630 297 3684 in
311 3630 391 3686 notis
404 3630 444 3685 ibi
456 3630 471 3684 1
483 3630 633 3700 [velitatur
644 3630 733 3683 editio
740 3630 911 3699 princesz.)

203 3764 219 3787 ‘⁴
229 3756 444 3827 Expendantur
457 3771 536 3810 nunc
549 3754 631 3815 haec,
641 3770 717 3825 quae
733 3752 879 3808 Dominus
892 3753 931 3809 de
945 3769 999 3808 sua
1011 3769 1099 3807 carne
1114 3763 1145 3807 et
1161 3754 1199 3808 de
1213 3768 1269 3809 suo

157 3827 294 3898 sanguine
306 3826 382 3881 dixit
394 3826 473 3895 apud
492 3825 663 3898 Johannem,

195 3946 287 3998 'buis
298 3958 370 4004 quem
382 3946 436 4004 ligo
446 3945 518 3998 dabo.
530 3958 586 3992 earo
596 3957 652 3989 mea
661 3950 696 3989 est
703 3977 767 3991 .....
799 3943 885 3996 Amen,
893 3955 972 3995 amen.
984 3943 1039 3989 dieo
1049 3942 1124 3996 vobis.
1135 3941 1178 3988 nisi
1189 3955 1269 3989 come·

269 4006 350 4053 derids
356 4018 451 4052 carnem
460 4005 657 4058 Filiihominls‚et
664 4004 774 4049 biberetis
782 4003 1011 4061 lpsiussauguinem.
1018 4003 1190 4048 nonhabebitis
1196 4003 1269 4049 vitam

269 4067 294 4113 ln
302 4067 377 4114 vobis.
404 4065 453 4123 Qui
462 4066 567 4111 comedit
578 4078 656 4110 meam
665 4077 760 4110 earnem
769 4071 793 4109 et
800 4063 860 4109 bibit
867 4076 949 4108 meum
957 4064 1106 4121 sanguinem.
1114 4063 1187 4108 babet
1194 4063 1267 4108 vitam

269 4133 436 4180 aeternamm
454 4139 500 4196 ego
515 4125 661 4172 resuscitabo
676 4125 742 4170 illum
758 4124 928 4177 extremodie;
951 4136 1007 4168 uam
1023 4136 1079 4169 caro
1094 4130 1269 4168 meamvere

269 4187 344 4241 cibus.
355 4193 380 4233 et
394 4198 491 4258 nangius
500 4198 569 4232 metu
580 4191 616 4230 est
627 4198 683 4231 vere
693 4191 778 4243 potus:
795 4183 836 4241 qui
848 4183 953 4231 eomedit
968 4197 1047 4229 meam
1058 4195 1163 4235 caruem
1174 4188 1198 4228 et
1208 4182 1269 4229 bibit

269 4244 874 4367 ffiwss'ssrem'nmhfflm
889 4278 910 4292 ..
920 4242 1167 4302 ..lllcpaulsestqui
1177 4255 1191 4289 e
1201 4243 1269 4289 caelo

486 4319 518 4351 ὼ
559 4339 567 4354 0

168 4425 241 4503 Quod
250 4436 349 4495 ‘caro'
360 4433 483 4492 Domini
495 4433 535 4491 sit
548 4432 689 4489 Divinum
704 4431 831 4497 Bonum,
843 4441 875 4488 et
887 4431 1038 4503 ‘sanguis'
1053 4430 1194 4486 Divinum
1207 4429 1267 4487 Ve-
