2776 5040
173 453 232 533 r78
488 469 540 519 nr
563 466 668 520 uovn
691 469 966 549 uranosotm

228 648 325 716 313.
348 633 450 715 Quod
462 637 640 699 concernit
656 636 868 710 sacerdotes,
878 637 1057 702 docebunt
1070 637 1121 699 iili
1134 631 1382 700 homine9

170 730 259 792 viam
282 731 326 792 ad
349 730 492 804 caelum,
512 741 548 794 et
571 752 704 815 quoque
727 732 854 797 ducent
880 733 978 810 illos;
1013 734 1192 796 docebunt
1214 731 1382 795 illoti*

170 824 355 886 secundum
378 825 544 888 ecclesiae
567 847 647 889 suae
670 823 860 890 doctrinam
882 848 928 890 ex
947 825 1079 900 Verbo,
1097 847 1140 890 ac
1163 824 1382 890 ducenc

171 927 209 980 ut
231 919 349 980 vivant
372 921 557 982 secundum
582 920 686 983 illam.
731 918 936 984 Sacerdotes
961 922 1019 1003 qui
1044 921 1177 984 docent
1200 942 1277 984 vera
1297 953 1382 983 ..-

171 1021 207 1074 et
229 1032 290 1095 per
308 1011 366 1073 illa
388 1013 517 1076 ducunt
539 1014 582 1076 ad
610 1015 736 1077 bonum
755 1016 857 1088 vitae,
877 1026 913 1078 et
942 1016 991 1078 sic
1021 1015 1067 1077 ad
1091 1014 1382 1083 Dominumae

171 1118 250 1168 sunt
281 1117 436 1188 pastores
465 1109 579 1170 ovium
610 1108 710 1185 boni;
750 1110 806 1190 qui
836 1119 951 1171 autern
982 1109 1125 1182 docent,
1156 1119 1193 1172 et
1223 1120 1376 1170 nor.

171 1199 300 1263 ducunt
320 1201 362 1262 ad
383 1201 509 1264 bonum
524 1201 628 1277 vitae,
644 1213 680 1265 et
699 1202 746 1265 sic
763 1202 806 1264 ad
823 1201 1019 1275 Dominum,
1036 1212 1118 1265 sunt
1135 1211 1382 1284 pastore&

172 1293 262 1356 mali.

230 1390 330 1471 316.
359 1388 567 1454 Sacerdotes
589 1409 658 1454 non
684 1391 748 1454 sibi
773 1391 923 1473 aliquam
947 1401 1168 1473 potestatem
1191 1399 1382 1473 super‘

172 1484 303 1545 animas
319 1482 493 1547 hominum
505 1484 737 1558 vindicabunt,
750 1486 828 1567 quia
847 1505 915 1547 non
930 1485 1043 1547 sciunt
1059 1485 1094 1547 in
1111 1505 1182 1569 quo
1198 1495 1365 1549 stati-.-

173 1587 252 1638 sunt
271 1578 431 1640 interiora
449 1577 616 1655 hominis;
639 1579 750 1641 minus
765 1578 827 1641 sibi
836 1578 1058 1641 vindicabunt
1077 1589 1294 1662 potestatem

173 1672 345 1752 aperiendi
368 1684 403 1734 et
430 1672 610 1735 claudendi
633 1672 776 1747 caelum,
796 1673 956 1755 quoniam
982 1693 1024 1736 ea
1051 1683 1212 1755 potestas
1238 1682 1288 1737 est

173 1764 278 1828 solius
298 1764 444 1828 Domini.

231 1875 324 1943 317.
347 1861 591 1925 Sacerdotibus
603 1863 667 1925 erit
678 1862 831 1944 dignitas
842 1873 879 1925 et
891 1861 1001 1925 honor
1014 1871 1160 1943 propter
1171 1861 1289 1926 sancta

173 1973 260 2035 quae
283 1954 431 2030 obeunt;
465 1955 526 2016 sed
552 1955 608 2037 qui
631 1955 779 2035 sapiunt,
799 1955 884 2016 dant
907 1952 1073 2016 honorem
1098 1953 1288 2017 Dominoa

173 2067 241 2129 quo
261 2043 389 2119 sancia,
407 2058 442 2110 et
466 2067 533 2110 non
556 2048 638 2110 sibi:
662 2049 719 2129 qui
738 2057 854 2110 autem
878 2066 946 2109 non
969 2048 1118 2128 sapiunt,
1139 2048 1288 2110 tribuunt

175 2139 340 2203 honorem
363 2142 445 2217 sibi;
474 2141 508 2203 hi
531 2141 625 2203 illum
648 2142 803 2204 adimunt
827 2140 986 2203 Domino.
1031 2139 1099 2220 Qui
1126 2141 1287 2204 honorem

175 2234 327 2296 tribuunt
358 2235 420 2296 sibi
443 2245 583 2316 propter
604 2233 724 2298 santia
752 2254 839 2317 quae
861 2235 1001 2308 obeunt,
1021 2234 1070 2296 iili
1099 2234 1288 2316 praeierunt

175 2327 341 2391 honorem
364 2340 399 2390 et
424 2328 552 2391 lucrum
575 2329 677 2391 saluti
700 2329 899 2402 animarum,
918 2328 971 2390 cui
999 2327 1203 2404 consulent;
1236 2329 1289 2411 qui

176 2432 291 2485 autern
315 2422 480 2485 honorem
502 2422 588 2486 dant
611 2423 761 2486 Domino
783 2432 820 2486 et
843 2441 911 2485 non
934 2421 1008 2491 sibi,
1027 2420 1075 2483 illi
1099 2421 1288 2503 praeferunt

176 2517 322 2579 salutern
341 2518 528 2579 animarum
547 2516 668 2580 honori
687 2527 723 2579 et
742 2517 845 2580 lucro.
892 2515 1013 2577 Nullus
1030 2514 1139 2577 honor
1152 2514 1288 2595 alicujus

175 2608 355 2673 functionis
367 2612 400 2672 in
417 2630 561 2692 persona
576 2622 642 2686 est,
656 2612 715 2673 sed
732 2612 762 2673 ei
774 2611 969 2691 adjungitur
980 2609 1168 2671 secundum
1182 2609 1289 2689 digni-

177 2715 286 2767 tatem
305 2706 351 2767 rei
371 2724 471 2786 quam
487 2706 723 2781 administrat;
747 2713 783 2767 et
802 2704 893 2786 quod
911 2700 1118 2783 adjungitur,
1138 2701 1205 2764 hoc
1225 2720 1289 2763 non

177 2799 279 2880 ipsius
302 2818 467 2881 personae
490 2808 553 2872 est,
574 2809 610 2861 et
633 2818 767 2880 quoque
794 2808 970 2879 separatur
992 2815 1069 2858 cum
1098 2793 1288 2858 functione:

178 2892 287 2955 honor
302 2895 335 2954 in
353 2913 497 2974 persona
514 2903 569 2956 est
586 2892 695 2955 honor
711 2893 899 2974 sapientiae
915 2901 951 2953 et
968 2890 1100 2953 timoris
1118 2888 1265 2951 Domini.

239 2992 336 3074 318.
367 2991 571 3055 Sacerdotes
600 2990 762 3073 populum
793 2990 976 3063 docebunt,
1007 3008 1047 3050 ac
1077 2988 1207 3050 ducent
1236 3006 1292 3068 per

179 3106 258 3148 vera
276 3086 319 3147 ad
344 3086 469 3147 bonum
485 3086 596 3162 vitae;
624 3085 683 3147 sed
703 3105 807 3166 usque
827 3083 956 3146 nullum
975 3091 1115 3163 cogent,
1134 3081 1292 3162 quoniam

180 3179 291 3242 nullus
310 3181 387 3259 cogi
406 3189 521 3260 potest
540 3180 584 3241 ad
602 3179 810 3242 credendum
830 3187 950 3240 contra
968 3177 1001 3239 id
1014 3175 1105 3257 quod
1124 3174 1291 3256 cogitavit

179 3294 225 3336 ex
244 3273 345 3336 corde
365 3292 440 3335 esse
459 3292 595 3335 verum:
620 3274 676 3354 qui
695 3271 795 3334 aliter
813 3272 922 3334 credit
944 3288 1045 3352 quam
1069 3269 1240 3340 sacerdos,
1259 3277 1292 3328 et

180 3388 248 3430 non
269 3367 385 3430 turbas
404 3366 495 3436 iacit,
515 3366 722 3448 relinquetur
741 3367 773 3427 in
795 3384 900 3447 pace;
928 3374 965 3427 at
987 3363 1043 3444 qui
1067 3361 1185 3423 turbas
1203 3361 1292 3432 iacit,

180 3462 411 3545 separabitur;
447 3481 524 3522 nam
552 3461 617 3524 hoc
644 3461 748 3522 etiarn
779 3470 833 3523 est
863 3459 1000 3531 ordinis,
1026 3465 1165 3551 propter
1195 3473 1293 3537 quem

180 3557 419 3620 sacerdotium.

241 3671 340 3738 319.
370 3655 464 3718 Sicut
488 3655 684 3718 sacerdotes
708 3651 868 3735 praefedti
890 3660 969 3715 sunt
988 3650 1032 3713 ad
1051 3648 1294 3712 administran-

181 3751 261 3812 dum
285 3751 343 3812 illa
366 3770 452 3831 quae
478 3750 563 3830 legis
587 3749 730 3812 Divinae
753 3757 788 3812 et
816 3747 928 3810 cultus
950 3754 1039 3818 sunt,
1063 3745 1112 3807 ita
1135 3761 1236 3823 reges
1262 3752 1295 3804 et

181 3845 402 3925 magistratus
425 3844 468 3906 ad
492 3843 797 3906 administrandum
821 3842 879 3904 illa
908 3859 994 3922 quae
1018 3837 1104 3919 legis
1127 3836 1237 3899 civilis
1261 3846 1296 3897 et

178 3939 292 4020 judicii
312 3948 401 4000 sunt.

240 4045 340 4113 320.
368 4030 457 4111 Quia
476 4050 537 4092 rex
557 4049 625 4092 non
648 4029 742 4092 solus
766 4035 884 4110 potest
907 4025 1146 4088 administrare
1168 4021 1297 4092 omnia,

180 4123 257 4186 ideo
287 4133 365 4185 sunt
395 4120 554 4203 praefecti
583 4123 645 4184 sub
671 4121 741 4194 illo,
767 4137 908 4202 quorum
940 4115 1101 4179 unicuivis
1129 4114 1215 4176 data
1244 4125 1299 4175 est

181 4218 354 4300 provincia
370 4217 628 4279 administrandi
644 4216 734 4298 quod
752 4235 814 4278 rex
831 4231 899 4276 non
918 4220 1034 4294 potest
1050 4218 1086 4271 et
1102 4207 1210 4270 valet.
1253 4206 1300 4269 Hi

183 4311 340 4396 praefecti
357 4312 453 4375 simul
470 4313 597 4394 sumpti
613 4313 826 4376 constituunt
843 4310 983 4390 regium,
997 4304 1057 4369 sed
1073 4304 1147 4386 ipse
1163 4323 1227 4366 rex
1244 4313 1301 4365 est

182 4430 342 4473 summus.
