2776 5040
221 481 264 544 26
694 494 866 547 CORONIS.

222 665 387 739 conditur,
411 663 448 728 fit
471 663 700 746 triplicatum;
734 664 771 727 fit
795 684 999 746 supremum,
1024 668 1189 740 medium,
1214 680 1248 731 et
1271 666 1331 730 infi-

222 779 323 823 mum.
368 760 408 822 In
427 778 618 841 supremum
637 758 813 822 elevantur
830 759 878 822 illi
895 761 951 843 qui
973 761 1007 823 in
1031 781 1153 825 amore
1176 765 1210 825 in
1229 763 1330 825 Domi·

222 875 301 917 num
321 864 356 917 et
375 854 453 917 inde
471 854 637 935 sapientia
652 864 750 930 sunt;
774 855 807 916 in
824 855 971 917 medium
987 854 1036 918 illi
1052 857 1111 939 qui
1131 859 1165 919 in
1185 856 1331 940 spirituali

221 969 336 1011 amore
349 969 429 1029 erga
442 949 633 1028 proximum
646 957 681 1010 et
693 948 772 1011 inde
783 947 1011 1030 intelligentia
1023 959 1105 1012 sunt
1118 972 1126 1027 ;
1149 952 1184 1012 in
1198 950 1331 1013 infimum

221 1042 269 1105 illi
284 1044 339 1126 qui
358 1044 390 1105 in
407 1041 569 1124 spirituali
586 1043 729 1104 naturali
745 1062 860 1105 amore
875 1062 957 1124 erga
972 1045 1170 1125 proximum
1187 1056 1275 1122 sunt,
1287 1046 1332 1126 qui

222 1148 362 1201 vocatur
374 1138 530 1210 charitas,
544 1146 579 1199 et
595 1137 673 1199 inde
688 1138 721 1199 in
738 1135 804 1199 fide
815 1137 998 1200 veritatum
1014 1137 1059 1201 de
1075 1138 1165 1212 Deo,
1179 1149 1216 1202 et
1232 1142 1263 1202 in
1275 1141 1333 1200 vita

222 1232 405 1295 secundum
429 1240 611 1313 praecepta
634 1230 808 1312 Decalogi.
853 1229 938 1294 Tres
960 1232 994 1295 hi
1017 1231 1105 1295 caeli
1130 1232 1259 1297 faciunt
1279 1234 1332 1294 tria

222 1346 385 1408 expansa,
402 1344 503 1387 unum
521 1344 620 1406 supra
635 1324 790 1400 alterum,
807 1335 842 1388 et
858 1327 1112 1390 communicant
1129 1327 1221 1391 inter
1236 1349 1271 1390 se
1284 1347 1333 1408 per

223 1420 382 1483 Divinum
402 1418 565 1482 influxum
583 1439 604 1481 a
622 1418 771 1483 Domino
792 1440 811 1482 e
834 1418 914 1484 Sole
932 1421 1048 1483 mundi
1066 1422 1262 1502 spiritualis.
1301 1421 1332 1484 ln

222 1514 325 1577 fundo
341 1515 402 1575 sub
417 1514 481 1575 illis
497 1524 575 1577 sunt
591 1515 694 1576 etiam
710 1515 774 1576 tria
789 1534 952 1597 expansa,
966 1515 999 1576 in
1014 1534 1103 1596 quae
1119 1516 1252 1580 insema
1265 1527 1332 1578 sunt

222 1606 393 1681 distindta,
412 1609 501 1670 inter
519 1628 604 1689 quae
627 1608 780 1671 similiter
802 1609 900 1671 datur
922 1611 1190 1673 communicatio
1213 1631 1271 1692 per
1291 1612 1332 1673 in·

222 1703 349 1766 fluxum
369 1722 427 1783 per
439 1702 552 1765 caelos
567 1722 587 1765 a
603 1702 759 1766 Domino.
804 1703 866 1765 Per
882 1703 943 1766 has
958 1706 1286 1769 communicationes
1302 1703 1332 1766 fit

223 1795 414 1878 conjundtio
424 1794 516 1860 arcta
528 1807 564 1860 et
576 1796 814 1861 indissolubilis
824 1799 972 1861 omnium
984 1799 1018 1860 in
1030 1799 1137 1861 caelis
1148 1809 1184 1862 et
1194 1801 1332 1862 omnium

221 1893 255 1954 in
274 1890 431 1966 infernis;
456 1891 515 1954 sed
536 1892 570 1953 in
593 1891 644 1954 his
667 1901 720 1954 est
739 1888 929 1971 conjunctio
948 1892 1098 1954 omnium
1118 1894 1332 1975 cupiditatum

222 1987 345 2049 amoris
361 1986 449 2059 mali,
463 1987 495 2047 in
512 1984 615 2048 caelis
631 1995 745 2048 autem
757 1995 810 2048 est
822 1983 1014 2067 conjunctio
1025 1987 1179 2049 omnium
1191 1987 1331 2051 affectio·

222 2099 301 2141 num
313 2080 435 2142 amoris
447 2080 525 2141 boni
539 2101 546 2156 ;
570 2079 700 2142 caelum
713 2099 758 2142 ex
774 2078 831 2142 illa
843 2076 1079 2160 conjunctione
1091 2091 1147 2143 est
1159 2083 1247 2144 sicut
1259 2101 1333 2143 unus

222 2173 387 2235 Dominus
410 2174 533 2236 sedens
555 2193 655 2255 super
680 2173 805 2236 throno
831 2171 1070 2237 circumcinc'to
1092 2174 1271 2257 torquibus
1295 2196 1332 2238 ex

222 2269 313 2331 omni
337 2268 448 2349 lapide
470 2270 629 2350 pretioso,
650 2267 813 2330 infernum
832 2278 946 2330 autem
968 2277 1022 2331 est
1044 2269 1132 2332 sicut
1152 2290 1238 2333 unus
1260 2270 1331 2332 Dia·

222 2362 318 2424 bolus
331 2363 453 2425 sedens
465 2383 564 2445 super
576 2362 661 2425 solio
673 2383 718 2424 ex
731 2362 892 2434 echidnis,
904 2363 1109 2443 presteribus
1122 2373 1159 2427 et
1172 2365 1332 2427 vermibus

220 2455 394 2518 virulentis
418 2466 587 2518 contorto
633 2455 689 2517 Ex
717 2455 780 2518 hac
808 2456 1022 2518 ordinatione
1044 2456 1179 2538 utrique
1205 2456 1332 2520 inducta

221 2548 462 2632 consequiturffl
486 2551 575 2632 quod
600 2561 777 2632 utrumque
800 2559 870 2613 stet
893 2550 954 2611 sub
980 2552 1132 2632 auspicio
1160 2562 1195 2615 et
1223 2554 1330 2615 obedi·

221 2646 313 2707 entia
333 2646 468 2707 Domini
487 2646 519 2707 in
539 2655 724 2706 aeternum.

285 2750 346 2818 17.
378 2738 506 2801 Notum
536 2749 588 2800 est
620 2739 720 2819 quod,
749 2747 786 2800 ut
817 2737 941 2820 aliquid
972 2736 1159 2819 perfeetum
1191 2742 1245 2814 sit,
1275 2743 1330 2803 erit

221 2833 345 2894 trinum
368 2835 399 2894 in
420 2833 511 2913 justo
534 2834 660 2905 ordine,
682 2852 782 2894 unum
806 2834 869 2895 sub
884 2832 1003 2907 altero,
1021 2842 1056 2895 et
1076 2837 1332 2898 communicatio

220 2927 444 2998 intercedens,
464 2936 498 2988 et
522 2926 611 3006 quod
635 2926 698 2988 hoc
723 2928 846 2988 trinum
869 2927 968 2989 saciat
992 2947 1116 3004 unum;
1151 2949 1219 2991 non
1242 2931 1331 2992 aliter

220 3042 239 3083 a
266 3020 432 3092 columna,
457 3040 554 3100 super
581 3040 645 3101 qua
671 3030 724 3082 est
751 3030 1041 3095 coronamentum,
1066 3023 1129 3084 sub
1157 3022 1221 3086 hoc
1249 3035 1330 3086 teres

220 3116 403 3187 subtensi0,
428 3123 462 3176 et
485 3113 630 3176 subhac
654 3114 837 3194 stylobata.
882 3115 967 3177 Tale
989 3117 1115 3179 trinum
1138 3127 1192 3180 est
1217 3118 1329 3190 homo;

220 3228 411 3291 supremum
435 3206 503 3287 ejus
527 3216 579 3270 est
603 3218 713 3289 caput,
735 3209 880 3271 medium
903 3208 973 3289 ejus
995 3218 1048 3271 est
1071 3230 1205 3292 corpus,
1229 3223 1262 3274 et
1285 3213 1329 3272 in·

219 3302 333 3365 fimum
353 3301 421 3381 ejus
441 3312 518 3364 sunt
539 3302 641 3382 pedes
665 3313 699 3365 et
723 3302 871 3383 plantae.
916 3301 1026 3365 Omne
1050 3324 1193 3384 regnum
1217 3307 1248 3367 in
1272 3306 1328 3367 hoc

219 3398 407 3460 aemulatur
425 3397 618 3472 hominem;
649 3396 693 3458 ibi
712 3399 775 3459 erit
799 3418 859 3460 rex
882 3406 919 3459 ut
942 3406 1055 3478 caput,
1076 3409 1254 3478 praeterea
1275 3401 1327 3462 tri-

220 3494 297 3555 buni
317 3502 351 3553 et
375 3490 522 3552 officiarii
546 3501 580 3552 ut
605 3510 734 3572 corpus,
755 3511 794 3553 ac
817 3491 930 3553 rustici
949 3509 1025 3552 cum
1044 3494 1150 3554 servis
1174 3503 1211 3555 ut
1234 3494 1328 3575 pedes

219 3598 254 3649 et
282 3586 438 3667 plantae:
472 3585 624 3647 similiter
651 3586 684 3646 in
713 3584 877 3657 Ecclesia,
902 3581 1054 3665 primus¹¹¹
1077 3586 1248 3661 insulatus,
1274 3608 1326 3648 an·

220 3682 344 3742 tistites
372 3679 517 3761 parochi,
546 3689 579 3741 et
610 3678 760 3741 flamines
787 3679 848 3739 sub
877 3678 951 3740 illis.
998 3679 1075 3760 Ipse
1103 3682 1249 3744 mundus
1273 3701 1326 3742 nec

219 3775 371 3836 subsistit
399 3775 460 3835 nisi
488 3775 551 3836 tria
574 3774 815 3853 consequentia
841 3773 873 3834 in
901 3773 1017 3835 ordine
1044 3775 1124 3844 sint,
1149 3786 1326 3857 quaesunt

219 3888 327 3940 mane,
349 3867 502 3928 meridies
522 3878 557 3929 et
575 3887 734 3947 vespera;
763 3876 798 3928 ut
821 3877 856 3930 et
875 3868 1056 3948 quotannis
1076 3889 1146 3942 ver,
1166 3883 1276 3933 aestas
1297 3880 1326 3931 et

219 3972 511 4034 autumnus—ver
530 3971 566 4023 ut
585 3960 642 4023 fiat
662 3961 850 4035 seminati0,
870 3971 982 4024 aestas
1001 3970 1038 4023 ut
1062 3964 1276 4043 germinatio,
1293 3983 1325 4024 ac

219 4067 397 4119 autumnus
421 4065 457 4117 ut
480 4053 709 4131 srudtificatio;
742 4075 811 4116 nox
835 4065 948 4117 autem
971 4064 1007 4117 et
1030 4055 1140 4118 hiems
1162 4077 1231 4120 non
1254 4078 1325 4120 con·

218 4150 326 4212 serunt
340 4150 381 4210 ad
396 4149 660 4211 stabilimentum
671 4150 796 4212 mundi.
840 4149 937 4210 Nunc
949 4150 1026 4231 quia
1038 4170 1141 4214 omne
1151 4151 1325 4234 perfeetum

217 4243 281 4307 erit
304 4242 439 4315 trinum,
462 4252 498 4305 ut
521 4244 565 4305 sit
589 4262 690 4304 unum
716 4239 780 4323 [et]
806 4241 1021 4303 contineatur
1043 4244 1242 4319 cohaerens,
1261 4246 1328 4308 ideo

219 4349 357 4418 uterque
377 4336 530 4411 mundus,
551 4346 622 4399 tam
644 4335 824 4418 spiritualis
843 4355 943 4416 quam
967 4338 1141 4412 naturalis,
1161 4359 1206 4402 ex
1230 4340 1326 4402 tribus

218 4431 464 4511 atmosphaeris
487 4450 545 4493 seu
567 4430 745 4493 elementis
768 4429 923 4493 consistit
949 4438 985 4493 et
1009 4431 1174 4508 subsistit,
1198 4449 1326 4515 quarum
