2776 5040
208 459 249 524 34
676 456 848 509 conotus.

266 637 336 706 24.
365 623 418 687 De
440 624 503 688 hac
527 623 692 700 Ecclesia,
716 626 802 689 sicut
825 626 868 689 de
890 625 1035 708 reliquis,
1059 627 1092 689 in
1116 626 1182 690 hoc
1205 626 1314 690 ordine

204 718 375 799 agendum
395 729 470 783 est:

442 847 484 914 (i.)
508 848 545 901 00
557 848 620 900 om
631 849 697 916 ojus,
709 864 758 902 uo
770 849 852 907 lune,
864 849 910 918 qui
919 855 962 902 oet
969 849 1072 916 primus
1082 854 1172 903 tinius
1183 851 1258 918 ojus:

432 943 484 1011 (ii.)
508 945 545 997 00
555 944 740 1079 mmm
749 946 807 1013 ojus
818 946 844 998 in
856 947 946 1005 iucem,
958 961 1008 999 rou
1020 947 1073 1004 llio,
1083 946 1130 1014 qui
1140 952 1183 999 rat
1192 947 1315 1000 munim

424 1103 484 1173 (iii.)
508 1105 545 1157 00
561 1104 734 1182 declinatione
751 1105 816 1173 ojus,
832 1121 882 1159 un
901 1106 1020 1184 Vespera,
1031 1106 1078 1175 qui
1093 1110 1138 1159 oet
1154 1106 1250 1159 Μῖνα
1264 1111 1315 1159 etn-

566 1175 610 1223 tus
622 1186 680 1238 eJur
692 1176 721 1223 ot
732 1176 838 1224 rantur
852 1173 982 1230 instruo:
1045 1177 1049 1186 '

427 1265 486 1334 (iv.)
510 1266 547 1319 00
563 1266 625 1318 Hm
639 1265 703 1333 ojus
715 1281 765 1319 uu
781 1267 868 1325 ilum,
880 1266 926 1334 qui
940 1273 983 1320 eat
998 1268 1279 1336 quantitatemque
1294 1271 1317 1319 rt

566 1337 674 1385 vocum
686 1332 891 1391 consummatio:

434 1427 483 1494 (r.)
508 1427 544 1480 00
556 1427 723 1504 &pretim
734 1427 887 1481 'aloem
904 1426 989 1485 eoum
1001 1443 1068 1496 qun·
1082 1432 1126 1481 oet
1142 1429 1262 1481 vinorum
1271 1428 1315 1480 Ju-

564 1494 658 1545 drcium
669 1509 750 1561 cuper
762 1509 851 1547 omnen
862 1495 908 1561 qui
916 1495 949 1546 ult
960 1495 1004 1546 illa
1016 1494 1134 1547 tecnon
1147 1498 1270 1553 inerunt:

429 1587 488 1655 (vi.)
512 1588 549 1640 00
566 1587 849 1640 terruannorum
866 1589 903 1641 nd
917 1589 1005 1646 doum,
1018 1603 1050 1641 or
1066 1589 1162 1657 quibus
1180 1592 1210 1642 m
1224 1589 1315 1640 norun

565 1653 675 1711 ennium,
686 1669 720 1707 nc
736 1655 769 1707 do
780 1654 928 1707 domatione
939 1654 1065 1707 &lorum
1076 1670 1094 1707 n
1112 1656 1173 1714 noo,
1186 1670 1218 1708 οι
1229 1655 1315 1722 quidm

564 1722 593 1771 m
603 1721 700 1772 Horum
712 1720 851 1773 iniverunt.

265 1865 365 1948 Quod
384 1878 528 1948 quatuor
547 1866 720 1930 Ecclesiae
738 1866 834 1948 hujus
853 1867 991 1942 telluris,
1009 1866 1189 1950 dequibus
1208 1888 1313 1950 supra,

200 1961 261 2025 has
274 1972 383 2025 status
396 1963 601 2024 mutationes
613 1963 807 2036 subiverint,
820 1963 853 2024 in
870 1962 1088 2043 sequentibus
1100 1962 1311 2025 demonstra·

200 2057 308 2133 bitur;
332 2066 367 2119 et
386 2056 530 2138 denique
548 2056 638 2137 quod
657 2054 812 2118 Ecclesia
830 2076 908 2119 vere
927 2055 1128 2130 Christiana,
1145 2076 1233 2138 quae
1251 2056 1311 2118 illis

200 2160 342 2232 quatuor
358 2150 458 2213 hodie
473 2149 633 2224 succedit,
650 2169 718 2212 non
734 2150 883 2212 subitura
897 2150 939 2212 sit
956 2151 1293 2213 consummationem.

258 2379 326 2448 25·
355 2364 400 2435 (i.)
423 2364 541 2427 Primus
563 2368 666 2426 rietur
688 2363 921 2445 Antiquissima
948 2363 1037 2446 injur
1063 2364 1239 2438 foemina,
1260 2384 1313 2428 reu

200 2454 296 2609 omli
315 2460 349 2516 ot
375 2455 461 2516 luno
485 2454 562 2536 ojus,
587 2455 785 2518 describitur
811 2456 844 2518 in
873 2457 979 2537 primo
1006 2457 1118 2538 capite
1146 2457 1310 2530 Gemseos,

199 2567 257 2629 per
300 2568 377 2610 aec:

249 2689 349 2738 “Dixit
367 2690 447 2747 Deus,
464 2690 601 2740 Faciamus
619 2692 754 2740 hominem
773 2691 799 2740 in
819 2692 934 2754 imagine
947 2702 1047 2750 nostra,
1062 2694 1210 2743 secundum
1223 2696 1310 2744 simili·

327 2757 444 2803 tudinem
464 2768 591 2804 nostram.
738 2757 770 2806 Et
788 2759 886 2805 creavit
906 2758 977 2806 Deus
995 2759 1131 2807 hominem
1150 2760 1178 2807 in
1197 2761 1309 2821 imagine

328 2835 397 2904 suar,
407 2822 437 2946 (in
452 2823 567 2934 imagine
583 2822 635 2946 >Dei
649 2823 748 2870 creavit
765 2837 843 2880 eum;
868 2824 1013 2871 masculum
1026 2834 1054 2872 et
1071 2824 1201 2873 feminam
1215 2826 1309 2874 creavit

328 2902 375 2934 eos
418 2900 512 2936 versa
533 2900 607 2945 ,ης

197 3027 387 3089 tumetium
408 3047 466 3107 per
485 3028 569 3089 haec
589 3028 620 3089 in
642 3027 791 3089 secundo
810 3028 940 3108 capite:

247 3171 264 3192 ⁴⁴
276 3169 412 3219 Formavit
424 3170 544 3234 Jehovah
560 3170 631 3219 Deus
644 3171 779 3218 hominem
792 3171 928 3233 pulverem
946 3171 980 3219 de
997 3181 1076 3229 terra,
1091 3182 1119 3221 et
1131 3174 1270 3236 inspiravit
1281 3175 1304 3221 in

326 3251 403 3318 nares
415 3236 474 3359 (ejus
487 3237 603 3360 angmam
618 3236 739 3293 vitarum,
755 3246 781 3283 et
798 3233 884 3284 factus
897 3245 938 3284 est
950 3237 1031 3284 homo
1044 3239 1071 3285 in
1084 3240 1205 3287 animam
1219 3241 1304 3287 viven-

326 3310 378 3348 tem
426 3316 494 3348 vers.
508 3313 539 3358 7.

195 3434 295 3516 Quod
315 3446 407 3499 ortus
427 3458 484 3499 seu
504 3456 602 3499 mane
620 3436 689 3516 ejus
707 3437 914 3499 describatur
933 3458 991 3518 per
1009 3438 1100 3519 quod
1124 3437 1232 3503 sac'tus
1250 3461 1302 3503 seu

194 3541 327 3594 creatus
350 3532 392 3592 sit
418 3531 478 3591 “in
506 3531 650 3610 imagine
675 3530 766 3603 Dei,’'
789 3541 841 3593 est
868 3532 944 3613 quia
967 3534 1077 3594 omnis
1100 3533 1206 3596 homo
1229 3535 1301 3597 dum

194 3627 335 3707 primum
360 3625 506 3686 nascitur
532 3634 567 3686 et
593 3635 645 3686 est
672 3625 779 3686 inians
802 3626 939 3687 interius
966 3636 1018 3687 est
1044 3628 1188 3708 “imago
1216 3626 1302 3698 Dei‚”

193 3730 245 3782 est
265 3721 352 3781 enim
373 3720 401 3781 ei
425 3719 530 3781 indita
549 3717 689 3780 facultas
709 3719 886 3800 recipiendi
907 3731 940 3781 et
960 3721 1020 3781 sibi
1040 3720 1232 3801 applicandi
1251 3721 1301 3783 illa

193 3834 278 3895 quae
304 3834 323 3875 a
351 3813 425 3875 Deo
448 3814 656 3892 procedunt;
690 3822 725 3875 et
748 3814 824 3894 quia
847 3815 995 3875 exterius
1018 3815 1121 3876 etiam
1146 3814 1301 3877 formatus

192 3918 245 3970 est
270 3907 407 3988 “pulvis
434 3928 452 3968 e
481 3906 597 3978 terra,”
620 3916 655 3968 et
682 3907 759 3968 inde
786 3908 814 3968 ei
842 3907 928 3968 inest
958 3907 1131 3970 inclinatio
1158 3908 1300 3971 lambere

192 4001 285 4063 illum
309 4001 491 4082 pulverem,
512 4001 596 4063 sicut
619 4021 756 4082 serpens
782 3999 874 4081 (Gen.
894 4002 935 4062 iii.
960 3999 1022 4079 14),
1042 4001 1118 4063 ideo
1142 4004 1168 4064 si
1192 4011 1299 4065 manet

192 4105 354 4157 externus
365 4116 422 4156 seu
433 4094 594 4156 naturalis
606 4095 718 4167 homo,
730 4105 764 4156 et
776 4115 842 4156 non
855 4093 891 4156 fit
904 4094 1000 4156 simul
1011 4096 1162 4158 internus
1173 4116 1230 4158 seu
1241 4097 1299 4177 spi·

191 4188 330 4263 ritualiS,
344 4189 505 4270 disperdit
519 4189 698 4268 imaginem
713 4188 785 4262 Dei,
798 4199 832 4250 et
846 4189 952 4250 induit
966 4189 1148 4268 imaginem
1159 4188 1298 4271 Serpen-

191 4284 234 4345 tis
246 4284 301 4366 qui
315 4282 485 4344 Adamum
500 4283 646 4344 seduxit,
692 4281 848 4344 Vicissim
857 4291 970 4343 autem
982 4282 1083 4344 homo
1096 4284 1152 4364 qui
1164 4294 1298 4346 conatur

191 4387 226 4439 et
245 4376 411 4440 allaborat
430 4376 498 4439 fieri
516 4378 657 4457 “imago
677 4376 768 4450 Dei‚’'
784 4377 811 4438 is
830 4386 1008 4438 externum
1028 4376 1199 4439 hominem
1214 4376 1296 4458 apud
