2776 5040
554 489 605 541 on
626 488 857 542 cnunrnrlnn.
1221 492 1258 563 55

134 679 256 741 usque,
273 658 354 740 quia
376 658 508 740 ignorat
531 658 609 740 quid
632 668 821 740 peccatum,
838 658 945 723 credit
967 680 1071 743 usque
1086 659 1177 742 quod
1194 680 1262 724 non

134 763 304 834 peccator
321 753 375 816 sit.
418 751 544 826 Audivi
559 751 688 835 aliquos
704 753 857 822 dicentes
870 753 960 836 quod
972 763 1170 835 peccatores
1182 754 1261 826 sint,

133 846 232 929 quod
248 848 282 909 in
299 846 409 910 omnis
420 847 554 927 generis
566 847 715 927 peccatis
727 866 747 909 a
759 849 982 929 conceptione
995 857 1031 911 et
1046 868 1066 910 a
1082 848 1261 911 nativitate

134 943 221 1016 sint,
239 940 331 1023 quod
347 939 429 1003 nihil
447 940 615 1021 integrum
631 960 651 1002 a
666 941 778 1021 capite
793 941 836 1004 ad
852 940 965 1004 volam
988 942 1083 1022 pedis
1105 942 1149 1004 sit
1172 941 1262 1022 apud

131 1035 229 1110 illos,
242 1044 279 1098 et
294 1032 390 1116 plura
404 1033 544 1112 similia;
567 1043 602 1096 et
618 1034 695 1115 quia
710 1053 778 1097 non
791 1034 961 1098 sciverunt
976 1035 1055 1117 quid
1072 1044 1260 1116 peccatum,

134 1148 211 1192 non
234 1129 406 1192 sciverunt
428 1128 518 1210 quod
541 1147 635 1191 amor
650 1129 700 1190 sui
722 1137 758 1192 et
780 1128 885 1192 fastus
901 1129 968 1191 sint
984 1129 1097 1209 capita
1112 1129 1261 1192 omnium

133 1232 361 1304 peccatorum
374 1244 382 1299 ;
401 1240 469 1285 non
480 1222 650 1285 sciverunt
669 1219 788 1304 [quod]
802 1222 881 1285 odio
892 1221 1016 1285 habere
1031 1232 1067 1286 et
1080 1223 1260 1296 vindicare,

132 1316 247 1381 modo
260 1337 327 1380 non
337 1316 522 1380 honoratur
533 1335 573 1378 ac
585 1314 708 1379 colitur
719 1316 805 1380 sicut
818 1316 996 1390 semideus,
1006 1317 1050 1380 sit
1063 1325 1261 1397 peccatum;

134 1430 205 1474 nec
222 1411 313 1493 quod
328 1409 563 1492 blasphemare
579 1410 770 1490 proximum
786 1428 847 1490 pro
862 1410 1044 1485 inimicitia,
1061 1419 1097 1473 et
1120 1411 1166 1473 sic
1190 1419 1262 1474 tes·

133 1506 207 1569 tari
229 1504 313 1568 false
335 1514 455 1568 contra
477 1504 596 1584 ipsum,
619 1504 663 1567 sit
686 1513 884 1584 peccatum;
915 1524 977 1567 nec
1003 1502 1122 1586 [quod]
1147 1502 1261 1567 fallere

134 1600 291 1681 aliquem
313 1598 423 1662 verbis
446 1607 481 1662 et
504 1594 599 1660 lastis
622 1596 665 1661 sit
688 1607 886 1678 peccatum;
914 1617 975 1661 nec
999 1598 1088 1679 quod
1105 1608 1260 1661 contem·

134 1714 222 1757 nere
236 1692 340 1756 alium
362 1711 442 1773 prae
460 1711 507 1766 se,
524 1691 672 1754 invidere
688 1692 718 1754 ei
740 1711 801 1754 sua
822 1691 921 1767 bona,
939 1693 1176 1773 concupiscere
1192 1691 1259 1766 illa,

133 1789 183 1851 sit
201 1797 400 1869 peccatum;
423 1796 496 1849 tum
512 1786 667 1848 meritum
684 1804 809 1867 ponere
832 1785 865 1848 in
888 1786 1042 1848 omnibus
1058 1784 1169 1849 cultus
1185 1785 1259 1860 Dei,

135 1892 214 1946 tam
230 1883 264 1944 in
280 1879 344 1944 lide
361 1899 460 1962 quam
483 1881 516 1942 in
532 1879 709 1952 charitate,
725 1881 770 1943 sit
793 1890 990 1961 peccatum;
1014 1889 1148 1961 praeter
1163 1880 1260 1942 innu-

136 1995 236 2039 mera
251 1974 335 2052 alia;
358 1974 468 2036 audivi
484 1994 528 2036 ex
545 1973 609 2036 illis
625 1972 716 2054 quod
733 1992 802 2036 non
818 1974 977 2036 sciverint
995 1972 1076 2036 talia
1087 1993 1162 2036 esse
1178 1992 1258 2054 pec·

135 2080 230 2142 cata,
248 2070 315 2132 imo
330 2088 392 2131 nec
409 2067 544 2149 aliquid,
561 2066 792 2149 qualecunque
808 2068 862 2141 sit,
879 2066 968 2148 quod
985 2068 1057 2149 quis
1072 2067 1203 2148 cogitat
1223 2077 1260 2131 et

137 2184 211 2228 non
235 2163 391 2245 loquitur,
407 2171 443 2224 et
466 2161 556 2243 quod
579 2161 652 2243 quis
667 2160 741 2224 vult
757 2173 792 2224 et
815 2182 884 2224 non
899 2160 998 2225 lacit:
1022 2160 1140 2223 exilia
1162 2161 1259 2241 igno·

136 2259 253 2322 rantia
270 2254 383 2338 [unus]
403 2255 490 2319 dixit
507 2254 597 2338 quod
620 2274 688 2318 non
705 2255 790 2318 sciat
806 2255 895 2338 quod
919 2265 1079 2337 peccator
1094 2255 1157 2334 sit;
1181 2264 1217 2319 et
1231 2255 1260 2318 si

137 2354 216 2426 sim,
230 2351 329 2426 dixit,
342 2369 415 2413 sum
429 2348 621 2431 purificatus
637 2349 680 2412 ab
691 2347 756 2412 illis
768 2368 844 2412 cum
860 2350 952 2413 oravi
968 2348 1057 2432 quod
1074 2368 1142 2411 non
1154 2349 1259 2412 sciam

135 2465 217 2509 mea
240 2455 392 2526 peccata,
410 2444 512 2517 Deus,
529 2444 665 2506 remitte
688 2442 764 2520 illa;
791 2454 827 2507 at
850 2444 950 2517 idem,
967 2462 1042 2506 cum
1066 2441 1258 2524 exploravit

134 2561 187 2615 se,
205 2538 295 2623 quod
311 2535 503 2601 factumest
519 2537 552 2600 in
569 2537 695 2600 mundo
710 2538 896 2618 spirituum,
913 2537 1152 2600 animadvertit
1167 2536 1258 2618 quod

135 2645 284 2717 peccata
299 2632 369 2714 ejus
391 2633 424 2694 in
448 2631 507 2694 tali
528 2650 667 2694 numero
683 2641 797 2694 essent
814 2641 850 2695 ut
867 2651 935 2695 non
951 2641 1067 2712 posset
1084 2629 1141 2693 illa
1156 2628 1257 2704 effari,

134 2739 174 2794 et
198 2747 331 2810 quoque
354 2726 443 2808 quod
466 2726 632 2807 potuisset
655 2725 682 2787 si
698 2725 860 2789 voluisset
882 2745 1088 2807 cognoscere
1111 2743 1150 2787 ac
1174 2724 1258 2787 scire

134 2823 217 2899 illa;
241 2821 300 2884 sed
316 2821 403 2883 dixit
419 2820 509 2901 quod
531 2820 596 2883 hoc
614 2818 767 2894 noluerit,
785 2820 861 2901 quia
883 2820 929 2882 sic
952 2820 1138 2883 abstineret
1154 2818 1258 2882 etiam

134 2918 183 2980 ab
205 2915 270 2978 illis
293 2913 484 2996 cogitandis
506 2924 541 2977 et
557 2912 721 2990 volendis,
737 2913 827 2995 quod
849 2913 958 2977 lacere
973 2912 1059 2976 soret
1075 2922 1195 2976 contra
1206 2911 1258 2993 ju·

134 3009 287 3074 cundum
302 3009 392 3072 vitae
407 3006 487 3088 ejus.
532 3006 588 3070 Ex
604 3007 655 3070 his
672 3027 759 3070 nunc
775 3017 883 3088 patet,
900 3008 990 3089 quod
1005 3016 1168 3088 quantum
1184 3006 1258 3087 quis

134 3123 209 3167 non
232 3103 409 3183 cognoscit
432 3111 467 3165 et
490 3103 554 3165 scit
577 3111 718 3183 peccata
740 3121 905 3184 quaenam
928 3110 1018 3177 sunt,
1035 3109 1168 3164 tantum
1189 3118 1258 3163 non

133 3197 255 3261 videat
270 3196 368 3260 aliter
383 3215 483 3278 quam
499 3195 588 3278 quod
604 3196 730 3278 absque
746 3196 897 3276 peccatis
911 3196 965 3258 sit.

133 3391 164 3443 0.
191 3389 266 3446 duod
280 3393 401 3457 quantum
413 3388 471 3457 puls
483 3389 614 3457 cognoscit
631 3392 659 3442 si
673 3388 842 3457 scltpoccutu
854 3405 980 3457 quaenam
997 3393 1065 3450 sunt,
1079 3393 1178 3443 mutum
1193 3405 1258 3460 poe-

239 3466 430 3609 pffitrzossoillu
441 3467 556 3534 upudes,
569 3465 686 3519 conmori
700 3466 745 3519 illu
762 3481 848 3518 corum
860 3466 971 3526 llomr'no,
985 3471 1012 3519 ot
1025 3467 1207 3534 poenitentium
1224 3468 1257 3522 al

202 3667 280 3732 Hoc
294 3671 509 3753 consequitur
520 3691 565 3733 ex
581 3669 743 3752 illisquae
756 3690 843 3733 nunc
856 3667 1046 3734 dictasunt.
1091 3669 1141 3734 Ut
1153 3669 1257 3735 homo

131 3762 252 3826 videat
269 3783 433 3844 quaenam
449 3774 592 3845 peccata
606 3774 695 3838 sunt,
712 3763 788 3827 ideo
804 3765 946 3845 primum
962 3763 1068 3827 Verbi
1083 3764 1142 3827 luit
1166 3764 1256 3828 Dec·

134 3856 270 3938 alogus,
287 3867 321 3919 et
345 3857 421 3920 ideo
437 3879 568 3940 quoque
592 3857 786 3939 Decalogus
808 3868 861 3921 est
884 3857 1084 3938 complexus
1107 3859 1256 3921 omnium

134 3949 254 4024 Verbi,
278 3971 379 4031 quare
402 3961 543 4014 vocatur
565 3951 684 4016 decem
706 3951 832 4027 Verba,
848 3961 884 4016 et
911 3971 970 4033 per
999 3951 1117 4014 decem
1141 3951 1256 4015 Verba

135 4043 371 4126 significantur
386 4047 499 4108 omnia
514 4066 594 4109 vera
616 4046 649 4108 in
665 4044 857 4128 complexu,
873 4055 909 4108 et
932 4047 1009 4109 ideo
1024 4045 1144 4108 similia
1159 4064 1256 4126 prae·

134 4148 239 4218 cepta
254 4148 332 4202 sunt
356 4139 444 4220 apud
467 4159 586 4203 omnes
608 4150 730 4222 gentes
753 4141 786 4202 in
809 4141 965 4203 universo
987 4139 1075 4221 apud
1098 4158 1180 4220 quas
1202 4149 1255 4202 est

137 4231 276 4313 religi03
299 4242 335 4296 et
351 4232 454 4296 homo
476 4234 531 4315 qui
553 4235 618 4297 scit
640 4234 729 4315 quod
745 4235 812 4296 sint
835 4231 929 4314 leges
952 4232 1104 4307 Divinae,
1121 4241 1157 4295 et
1179 4233 1257 4296 ideo

140 4324 259 4408 [quod]
278 4327 333 4407 qui
357 4325 436 4389 facit
451 4336 571 4390 contra
586 4327 643 4390 illa
665 4328 765 4392 iaciat
781 4337 901 4391 contra
924 4327 1033 4389 Deum
1049 4347 1108 4389 seu
1123 4335 1254 4406 peccet,

136 4430 251 4500 potest
265 4421 413 4501 recipere
425 4420 585 4484 influxum
603 4421 770 4497 Divinum,
784 4432 818 4486 et
836 4432 915 4485 tunc
928 4421 1030 4484 etiam
1043 4419 1254 4484 voluntatem
