2776 5040
535 495 790 548 cacano—u.
809 502 860 569 23.
1210 517 1249 576 33

139 666 278 740 creatio,
303 686 362 749 per
387 685 486 748 quam
513 668 702 730 universum
732 667 863 730 caelum
893 687 937 730 ex
964 666 1094 749 angelis
1120 678 1155 731 et
1182 669 1252 730 uni-

139 781 237 824 versa
261 760 414 824 Ecclesia
437 781 481 824 ex
504 761 695 825 hominibus
713 763 843 836 existit,
864 762 1019 825 consistit
1038 772 1072 825 et
1092 762 1253 824 subsistit.

138 853 242 935 Quod
270 855 434 918 “creare”
460 856 493 918 id
520 855 696 938 significet,
724 877 769 919 ex
799 856 850 919 his
876 857 910 919 in
936 856 1053 919 Verbo
1079 856 1254 919 evidenter

138 959 258 1031 patet:

189 1093 270 1143 “Cor
281 1094 409 1142 mundum
422 1109 482 1143 crea
499 1095 527 1143 in
545 1109 596 1153 me,
612 1093 702 1150 Deus:
719 1103 746 1144 et
757 1094 878 1157 spiritum
891 1095 996 1144 firmum
1009 1096 1110 1144 innova
1125 1095 1153 1144 in
1166 1095 1254 1144 medio

269 1159 321 1206 mei
329 1158 343 1177 ''
355 1159 464 1220 (Psalm.
476 1159 502 1208 li.
517 1172 545 1208 12
556 1157 602 1224 [B.
614 1162 648 1208 A.
663 1156 732 1223 10]);

190 1223 313 1285 “Aperis
331 1239 450 1281 manum,
469 1233 622 1274 saturantur
639 1227 728 1283 bono;
755 1226 933 1275 ...emittis
953 1225 1089 1289 Spiritum,
1108 1234 1232 1274 creantur
1239 1223 1254 1244 ''

269 1288 379 1349 (Psalm.
393 1291 444 1339 civ.
456 1291 495 1347 28,
508 1291 557 1351 30).

190 1353 335 1415 “Populus
348 1355 390 1418 qui
403 1356 543 1413 creabitur,
557 1354 674 1404 laudabit
684 1353 736 1419 Jah
744 1353 758 1374 '⁸
771 1353 880 1416 (Psalm.
891 1355 933 1405 cii.
949 1367 980 1417 19
992 1351 1039 1419 [B.
1050 1357 1084 1405 A.
1099 1354 1169 1420 18]);

189 1419 260 1468 “Sic
271 1418 337 1469 dixit
354 1419 484 1483 Jehovah,
499 1419 610 1469 Creator
627 1428 696 1477 tuus,
710 1418 808 1484 Jacob:
830 1419 970 1469 Formator
981 1429 1050 1478 tuus,
1066 1420 1165 1470 lsrael:
1185 1457 1211 1471 ..
1226 1457 1251 1470 ..

273 1484 388 1534 Omnem
400 1495 524 1533 vocatum
541 1499 558 1533 a
575 1485 684 1533 nomine
701 1498 771 1543 meo,
784 1484 812 1534 in
830 1485 942 1548 gloriam
961 1500 1048 1534 meam
1066 1487 1153 1535 creavi
1170 1485 1254 1535 eum”

268 1549 352 1609 (Esai.
363 1551 429 1599 xliii.
443 1562 464 1607 1,
477 1550 502 1611 7)
513 1565 518 1607 ;

189 1613 254 1664 “Ut
267 1616 383 1671 videant,
397 1624 569 1677 cognoscant,
584 1614 723 1664 attendant
734 1623 761 1664 et
772 1615 929 1677 intelligant,
944 1615 1015 1679 quod
1027 1630 1122 1665 manus
1134 1614 1253 1680 Jehovae

269 1680 362 1730 iecerit
374 1681 432 1737 hoc,
447 1690 474 1729 et
485 1678 599 1729 Sanctus
612 1679 720 1729 Israelis
731 1681 860 1729 creaverit
872 1680 943 1729 hoc”
954 1681 1038 1742 (Esai.
1050 1682 1096 1730 xli.
1109 1677 1192 1743 aol¹l);

189 1746 207 1768 ‘¹
217 1743 249 1794 ln
266 1746 310 1794 die
323 1760 375 1809 quo
391 1755 494 1794 creatus
512 1760 549 1803 es,
564 1754 721 1808 praeparata
733 1755 811 1803 sunt;
832 1743 965 1807 periedtus
984 1755 1012 1794 tu
1028 1746 1055 1794 in
1074 1747 1124 1794 viis
1142 1746 1193 1795 tuis
1211 1741 1253 1794 a3¹¹

268 1811 311 1860 die
329 1826 381 1873 quo
398 1820 501 1860 creatus
519 1825 557 1867 ea,
575 1811 660 1859 donec
678 1811 788 1859 inventa
803 1820 845 1859 est
862 1811 1022 1873 perversitas
1040 1812 1066 1859 in
1085 1820 1111 1860 te
1119 1810 1132 1830 ’'
1150 1810 1251 1871 (Erech.

269 1877 360 1926 xxviii.
374 1888 411 1935 13,
425 1878 480 1935 15);

133 1999 222 2063 haec
242 1999 284 2062 de
300 2019 380 2080 rege
398 1998 489 2079 Tyri.

188 2139 343 2206 “Jebovah,
368 2154 461 2189 creans
484 2139 573 2189 caelos
576 2177 667 2197 .....
681 2140 828 2190 extendens
852 2150 949 2191 terram
952 2178 1034 2199 .....
1044 2141 1112 2191 dans
1134 2142 1251 2192 animam

269 2205 369 2267 populo
380 2220 460 2267 super
471 2205 516 2254 illa
524 2205 538 2224 ”
550 2205 634 2265 (Esai.
645 2205 700 2255 xlii.
714 2217 743 2266 5:
760 2219 818 2268 cap.
830 2207 884 2256 xlv.
897 2219 936 2264 12,
950 2207 1006 2267 18);

188 2270 284 2320 “Ecce
305 2269 363 2333 Ego
381 2285 474 2320 creans
495 2272 597 2319 caelum
619 2285 719 2320 novum
740 2281 767 2320 et
787 2281 884 2320 terram
905 2286 1020 2330 novam:
1042 2271 1251 2322 ....laetamini

268 2337 373 2386 ....in
395 2347 542 2394 aeternum,
565 2350 631 2398 quae
654 2336 711 2398 Ego
731 2351 841 2392 creans:
869 2351 930 2386 ecce
955 2337 1012 2399 Ego
1032 2348 1168 2387 creaturus
1191 2352 1250 2387 sum

269 2397 489 2464 Hierosolymam
502 2401 692 2450 exultationem
701 2401 716 2420 ”
727 2401 812 2463 (Esai.
824 2402 878 2452 lxv.
894 2414 933 2462 17,
946 2404 1001 2463 18);

188 2468 445 2532 “Quemadmodum
465 2466 532 2516 caeli
552 2467 616 2515 novi
636 2477 663 2515 et
683 2477 754 2515 terra
774 2481 853 2526 nova,
873 2482 941 2531 quae
962 2467 1020 2530 Ego
1041 2465 1159 2517 tacturus
1180 2483 1249 2527 sum,

267 2534 375 2583 stabunt
387 2546 477 2580 coram
492 2532 537 2581 Me
545 2531 559 2550 ''
571 2532 655 2591 (Emi.
668 2532 731 2581 lxvi.
744 2532 802 2593 eal:

187 2598 273 2648 “Vidi
291 2599 393 2647 caelum
411 2612 510 2646 novum
529 2606 555 2645 et
572 2607 670 2646 terram
688 2612 803 2655 novam;
829 2599 902 2660 prius
919 2597 1021 2648 caelum
1042 2607 1069 2648 et
1089 2599 1163 2660 prior
1180 2607 1251 2649 terra

267 2662 394 2713 transiit''
405 2661 491 2726 (Aper.
503 2663 556 2710 xxi.
574 2664 596 2722 1)
607 2677 613 2716 ;

186 2728 306 2778 “Nouos
326 2728 415 2777 caelos
435 2737 462 2776 et
482 2741 580 2775 novam
601 2736 698 2775 terram
720 2727 865 2776 secundum
889 2728 1094 2790 promissionem
1114 2726 1252 2792 exspecta·

266 2809 334 2851 mus,
348 2794 375 2842 in
388 2793 483 2856 quibus
495 2792 597 2854 justitia
609 2791 758 2841 habitabit''
770 2793 795 2854 (a
808 2794 878 2843 Petr.
890 2794 925 2843 iii.
940 2793 987 2855 13).

134 2960 193 3024 Ex
209 2959 261 3023 his
274 2979 359 3023 nunc
373 2956 575 3041 patefactum
589 2959 667 3041 quid
684 2979 742 3041 per
754 2959 836 3022 haec
854 2960 886 3022 in
903 2961 1009 3042 primo
1024 2959 1072 3042 [et
1085 2961 1248 3046 secundo]

135 3055 294 3120 Geneseos
312 3051 489 3117 versibus¹⁸¹
507 3055 723 3137 spiritualiter
741 3055 951 3136 intelligitur,

186 3210 246 3262 “ln
264 3212 393 3297 principio
411 3213 510 3261 creavit
532 3211 604 3261 Deus
621 3213 723 3260 caelum
742 3222 769 3260 et
786 3221 902 3271 terram;
924 3221 951 3263 et
968 3221 1039 3262 terra
1056 3222 1113 3263 erat
1130 3224 1207 3263 vasta
1223 3223 1250 3265 et

266 3292 354 3327 mama
364 3291 370 3338 ς

133 3419 225 3503 quod
243 3430 334 3483 terra
352 3419 482 3483 dicatur
501 3426 625 3483 “vasta
648 3430 682 3482 et
706 3421 812 3482 inanis
821 3419 836 3444 ’'
855 3418 1021 3501 significat
1040 3420 1130 3502 quod
1155 3419 1247 3504 [nec]

133 3513 270 3595 aliquod
293 3514 418 3576 bonurn
441 3515 531 3577 vitae
554 3534 616 3577 nec
639 3533 755 3576 verum
778 3509 978 3576 doetrinaeffl
1001 3514 1090 3596 apud
1114 3514 1247 3579 habita·

133 3617 226 3671 tores
256 3606 326 3687 ejus
355 3608 451 3671 suerit
483 3608 634 3690 amplius.
680 3605 781 3687 Quod
810 3608 982 3670 “vastitas
1012 3618 1047 3671 et
1078 3608 1248 3671 inanitas”

133 3699 300 3783 significet
323 3703 544 3784 privationem
563 3702 704 3764 duorum
727 3700 859 3763 illorum
879 3701 1107 3764 essentialium
1127 3702 1247 3766 Eccle-

132 3796 212 3869 siae,
233 3815 277 3857 ex
299 3795 390 3858 mille
413 3795 495 3858 locis
518 3801 540 3858 ε’
555 3795 671 3859 Verbo
694 3793 944 3858 confirmabitur
964 3796 997 3856 in
1021 3794 1182 3860 lemmate
1205 3798 1246 3859 iv.

132 3887 229 3970 hujus
247 3888 436 3965 voluminis,
455 3891 498 3953 de
521 3889 677 3954 Ecclesia
696 3889 903 3967 Israelitica;
938 3889 970 3950 in
995 3892 1164 3971 praesenti
1186 3911 1247 3974 pro

132 3980 244 4065 aliqua
262 3982 485 4047 illustratione
503 3985 687 4047 inserviant
710 3984 793 4047 haec
813 3984 901 4067 apud
919 3982 1127 4057 Jeremiam:

184 4139 270 4191 “Vidi
287 4150 395 4201 terram,
409 4156 469 4193 cum
486 4157 548 4193 ecce
564 4157 676 4192 vacuum
694 4150 721 4192 et
738 4144 834 4199 inane:
852 4150 879 4191 et
891 4156 983 4191 tersus
1001 4141 1099 4199 caelos,
1112 4155 1172 4190 cum
1190 4156 1245 4192 non

262 4206 308 4256 lux
327 4222 430 4259 eorum.
568 4208 610 4258 Sic
630 4208 695 4257 dixit
719 4205 849 4271 Jebovah,
880 4206 997 4256 Vastitas
1017 4206 1068 4255 erit
1088 4215 1145 4265 tota
1165 4216 1243 4256 terra.
1284 4242 1287 4253 .

261 4270 443 4402 &stlogerfflgoc
459 4274 559 4338 lugebit
577 4283 653 4333 terra,
668 4284 694 4325 et
712 4273 790 4322 atrati
807 4281 886 4322 erunt
897 4271 963 4321 caeli
978 4270 1092 4335 desuper
1099 4269 1114 4291 ”
1125 4269 1193 4334 (cap.
1207 4271 1243 4322 iv.
