2776 5040
310 508 360 560 ET
382 508 465 576 EJUS
488 509 685 561 DOCTRINA
707 510 982 564 canusa-N.
999 512 1030 581 7.
1188 513 1226 581 13

115 687 164 744 est
181 678 250 743 ire:
272 679 358 744 inde
381 700 469 745 nunc
488 689 542 746 est
560 681 651 765 quod
670 703 729 765 per
745 676 1069 764 “Hierosolymam''
1080 682 1114 745 in
1125 702 1227 746 sensu

115 787 277 869 spirituali
307 787 516 870 significetur
541 788 686 854 ecclesia
711 789 823 873 quoad
853 789 1006 869 cultum;
1040 809 1110 864 seu,
1136 788 1227 872 quoti

115 893 213 970 idem,
230 895 343 977 quoad
360 894 569 975 doctrinam
599 916 679 960 nam
701 895 814 962 cultus
836 898 1072 980 praescribitur
1090 898 1124 960 in
1147 898 1228 961 doc·

115 1003 212 1077 trina,
228 1023 269 1067 ac
285 1002 323 1067 tit
340 1005 525 1068 secundum
543 1004 647 1070 illam.
691 1003 793 1088 Quod
812 1006 955 1081 dicatur,
974 1002 1130 1070 “Sandia
1144 1006 1226 1069 civi·

115 1119 176 1185 tas,
192 1109 434 1193 Hierosolyma
446 1111 555 1188 Nova,
568 1112 781 1177 descendens
794 1133 814 1176 a
827 1113 902 1177 Deo
914 1134 934 1177 e
945 1112 1072 1188 caelo,”
1084 1122 1138 1176 est
1150 1114 1229 1196 quia

115 1219 146 1280 in
175 1238 279 1282 sensu
308 1217 415 1284 Verbi
444 1220 609 1303 spirituali
638 1241 699 1304 per
729 1221 937 1286 “civitatem
947 1220 963 1248 ’⁸
989 1229 1025 1285 et
1054 1226 1074 1254 ‘⁸
1085 1220 1202 1284 urbem
1212 1219 1228 1245 ”

115 1325 322 1407 significatur
341 1324 505 1403 dodirina,
522 1349 561 1392 ac
581 1348 641 1410 per
658 1326 841 1393 “santiam
859 1329 1036 1394 civitatem
1043 1329 1058 1355 ’¹
1074 1326 1228 1393 dodirina

115 1433 227 1498 Divini
239 1432 334 1510 Veri,
347 1455 426 1499 narn
446 1436 606 1500 Divinum
619 1436 748 1501 Verum
766 1446 821 1502 est
836 1436 927 1521 quod
938 1448 1082 1502 vocatur
1095 1442 1115 1470 ‘⁸
1126 1456 1225 1500 sanc·

115 1541 212 1606 tutn”
230 1543 264 1605 in
287 1542 424 1607 Verbo:
458 1545 548 1627 quod
578 1545 710 1609 dicatur
727 1544 999 1627 “Hierosolyma
1027 1544 1157 1621 Nova,”
1171 1554 1225 1609 est

115 1670 156 1714 ex
182 1651 284 1715 simili
308 1671 411 1716 causa
437 1673 482 1717 ex
509 1673 575 1736 qua
595 1653 736 1719 “terra'’
755 1655 877 1719 dicitur
897 1660 1015 1719 “nova
1025 1654 1053 1734 ;”
1075 1673 1166 1730 narn,
1189 1664 1228 1720 ut

115 1776 196 1822 mox
215 1780 316 1843 supra
337 1758 464 1824 did‘tum
487 1771 552 1837 est,
571 1782 631 1845 per
648 1767 668 1794 ‘⁴
678 1772 803 1826 terram
812 1762 827 1787 ”
843 1761 1052 1845 significatur
1070 1762 1227 1837 ecclesia,

115 1874 147 1930 et
176 1887 237 1949 per
265 1867 595 1950 “Hierosolymam’'
620 1869 679 1933 illa
705 1869 852 1934 ecclesia
879 1870 991 1953 quoad
1016 1866 1226 1934 dodirinam:

115 1975 204 2056 quod
223 1977 366 2053 dicatur,
385 1983 435 2041 “a
454 1976 528 2041 Deo
547 1999 565 2041 e
585 1977 682 2041 caelo
701 1977 943 2054 descendens,”
958 1987 1012 2042 est
1030 1979 1109 2060 quia
1126 1997 1228 2041 omne

115 2082 242 2147 Verum
273 2085 444 2162 Divinum,
468 2108 513 2150 ex
543 2106 611 2170 quo
639 2083 804 2162 dodlrina,
830 2087 1008 2150 descendit
1038 2107 1057 2150 e
1086 2085 1182 2150 caelo
1209 2107 1229 2150 a

115 2192 273 2258 Domino.
311 2193 412 2276 Quod
425 2217 483 2278 per
498 2202 517 2228 ‘⁴
527 2194 803 2276 Hierosolymam
811 2194 827 2221 ”
839 2215 908 2259 non
921 2193 1134 2277 intelligatur
1146 2196 1227 2259 civi·

114 2311 178 2378 tas,
192 2305 332 2368 tametsi
348 2314 384 2369 ut
400 2305 521 2368 civitas
536 2305 609 2368 visa
623 2314 688 2381 est,
702 2313 799 2386 patet
816 2303 993 2368 manifeste
1009 2324 1054 2367 ex
1070 2323 1123 2378 eo,
1136 2303 1228 2386 quod

115 2410 247 2476 dicatur

162 2551 242 2616 Quod
259 2551 372 2601 altitudo
388 2551 447 2614 ejus
467 2561 539 2601 esset
558 2552 626 2602 sicut
646 2552 787 2614 longitudo
804 2562 831 2602 et
848 2552 970 2612 latitudo,
985 2551 1125 2602 duodecim
1143 2551 1230 2602 millite

244 2618 391 2667 stadiorum
408 2615 506 2682 ([Apoc.
519 2614 587 2682 xxi]
601 2633 669 2668 vers.
685 2619 742 2679 16);

163 2681 198 2732 Et
215 2683 287 2746 quod
301 2697 427 2731 mensura
440 2684 508 2732 muri
525 2682 592 2745 ejus,
607 2697 674 2746 quae
688 2692 795 2732 centum
811 2682 988 2745 quadraginta
1000 2690 1114 2746 quatuor
1127 2682 1231 2732 cubito·

244 2762 312 2807 rum,
323 2758 396 2798 esset
407 2763 533 2797 mensura
543 2748 669 2808 bominis,
681 2762 749 2812 quae
760 2756 802 2797 est
814 2747 903 2810 angeli
914 2745 995 2809 (vera.
1011 2747 1067 2809 17):

119 2889 189 2946 tum
209 2881 299 2965 quod
318 2882 461 2957 dicatur,

338 3015 457 3065 “Parata
467 3025 496 3064 ut
507 3028 609 3077 sponsa
619 3027 710 3063 coram
723 3013 780 3063 viro
792 3026 842 3063 suo
850 3011 864 3033 ''
875 3010 956 3074 (vem
965 3010 1007 3074 2)ἰ

115 3156 149 3211 et
168 3156 292 3230 postea
311 3147 399 3210 dixit
418 3145 572 3228 angelus,

159 3280 260 3339 “Veni
270 3281 410 3330 ostendam
423 3279 471 3329 tibi
483 3293 620 3342 sponsam,
632 3291 745 3327 uxorem
757 3276 845 3340 Agni:
865 3284 953 3328 ....et
961 3275 1080 3326 ostendit
1091 3275 1158 3325 mihi
1169 3274 1233 3324 ciul-

246 3354 340 3395 tatem.
351 3343 484 3395 nnciam
496 3345 569 3393 illam
583 3342 803 3407 Hierosolymam
810 3341 825 3362 '⁹
835 3340 916 3404 (vers.
928 3338 966 3406 9[,
980 3336 1050 3406 10]):

115 3487 263 3552 ecclesia
285 3496 338 3551 est
361 3505 447 3569 quae
473 3485 507 3549 in
530 3483 648 3548 Verbo
670 3492 813 3547 vocatur
833 3480 1010 3564 “sponsa'’
1033 3491 1068 3545 et
1093 3480 1232 3545 “uxor'’

115 3595 276 3674 Domini;
301 3592 479 3676 “sponsa”
496 3601 680 3675 antequam
699 3590 925 3673 conjungitur,
945 3599 982 3655 et
1002 3595 1021 3623 ‘⁴
1031 3610 1116 3652 uxor
1124 3588 1139 3614 ’¹
1155 3608 1232 3653 curn

115 3700 302 3785 conjunsta
317 3710 370 3764 est
381 3715 503 3775 (videntur
512 3714 649 3761 iuArcanis
662 3713 809 3768 Caelesn'bus,
818 3726 842 3759 u.
852 3725 921 3772 ³¹0³·
932 3711 1076 3772 3105,3164,
1087 3711 1155 3770 3165,
1164 3724 1233 3769 3²07·

115 3810 184 3854 poan,
197 3797 281 3857 9182).

178 3901 219 3970 7.
249 3884 350 3967 Quod
383 3886 417 3948 in
447 3884 560 3967 specie
586 3877 784 3945 DoEirinam
809 3881 996 3956 concernit,
1027 3900 1113 3963 quae
1143 3899 1232 3944 nunc

115 3996 279 4081 sequitur,
297 4003 350 4058 est
369 4014 503 4077 quoque
522 3991 581 4056 illa
599 4012 644 4055 ex
663 3990 770 4066 cae10,
784 3991 862 4074 quia
880 3999 933 4054 est
952 4009 998 4053 ex
1016 4008 1118 4052 sensu
1136 3988 1232 4070 spiri·

115 4104 201 4170 tuali
221 4103 337 4178 Verbi,
357 4112 393 4166 et
413 4121 531 4166 sensus
550 4100 734 4183 spiritualis
749 4099 855 4164 Verbi
872 4108 927 4164 est
944 4099 1034 4162 idem
1052 4117 1130 4161 curn
1149 4097 1232 4161 doc·

118 4215 208 4279 trina
226 4232 313 4296 quae
336 4220 390 4275 est
412 4211 446 4273 in
469 4209 585 4274 caelo:
620 4209 654 4272 in
677 4206 775 4273 caelo
797 4209 887 4272 enirn
905 4226 1012 4289 aeque
1029 4225 1069 4269 ac
1089 4205 1123 4269 in
1141 4213 1234 4268 terra

118 4332 171 4386 est
189 4320 357 4398 ecclesia;
380 4328 433 4383 est
452 4318 542 4382 enim
558 4317 603 4380 ibi
619 4316 782 4408 Verbunt,
799 4325 853 4379 est
871 4311 1026 4379 dodirina
1041 4333 1087 4377 ex
1103 4313 1232 4391 Verbo,

119 4439 196 4495 sunt
214 4429 261 4493 ibi
279 4427 420 4510 templa,
440 4436 475 4492 et
493 4428 527 4490 in
549 4425 616 4489 illis
638 4424 722 4489 fiunt
745 4423 1028 4507 praedicationes,
1048 4440 1128 4486 narn
1150 4431 1231 4487 sunt
