2776 5040
146 469 185 520 12
551 467 601 519 DE
623 467 854 520 CHARITATE.

141 645 259 719 patet3
282 645 361 702 sunt
376 637 465 702 enirn
481 637 536 720 qui
552 658 652 703 omne
672 640 798 703 bonum
814 638 988 704 charitatis
1003 660 1049 705 ex
1071 640 1208 724 pietate
1228 651 1263 707 et

141 753 186 795 ex
203 732 412 813 cogitatione
428 732 470 795 de
486 734 556 796 vita
578 743 718 796 aeterna
733 733 867 807 iaciunt,
885 744 920 797 et
943 754 1047 817 usque
1064 754 1135 799 non
1150 738 1262 800 sciunt

140 826 230 907 quod
246 826 324 888 odio
339 825 462 889 habere
482 835 518 888 et
541 827 720 900 vindicare,
737 828 888 901 scortari,
904 827 1103 908 depraedari
1118 839 1156 893 et
1179 829 1260 910 inju-

140 920 223 983 riam
252 919 372 995 sacere,
395 918 640 1001 blasphemare,
657 921 705 983 ita
733 919 815 983 salse
846 922 975 995 testari,
998 931 1034 985 et
1058 921 1156 1004 plura
1180 920 1259 1006 [sint

140 1012 255 1096 mala].
300 1012 386 1077 Sunt
405 1012 533 1094 judices
554 1015 608 1095 qui
631 1015 683 1095 pie
700 1015 828 1088 vivunt,
845 1025 880 1078 et
903 1025 1018 1078 tamen
1042 1035 1112 1079 non
1136 1015 1258 1079 iaciunt

140 1118 317 1188 peccatum
329 1106 477 1187 judicare
494 1127 538 1169 ex
554 1108 710 1180 amicitia,
724 1128 768 1170 ex
785 1107 960 1182 affinitate,
974 1119 1008 1171 et
1025 1106 1185 1190 respectu
1199 1109 1256 1173 ho·

140 1201 229 1263 noris
245 1211 279 1263 et
297 1199 397 1279 lucri;
420 1200 489 1264 imo
504 1202 531 1263 si
547 1201 668 1275 sciunt,
685 1199 885 1265 confirmant
909 1202 996 1282 apud
1017 1222 1055 1265 se
1077 1204 1170 1284 quod
1193 1222 1255 1267 non

139 1295 206 1356 sint
223 1293 332 1372 mala;
355 1295 403 1357 ita
425 1314 557 1377 quoque
580 1293 644 1357 alii.
689 1293 816 1369 Verbo,
833 1305 911 1358 sunt
932 1295 999 1358 duo
1021 1294 1194 1372 distincta,
1209 1296 1253 1360 su·

139 1407 220 1468 gere
243 1386 332 1451 mala
354 1396 391 1451 ut
414 1397 566 1469 peccata,
589 1397 625 1450 et
651 1387 759 1452 iacere
782 1388 908 1451 bonum
930 1387 1182 1467 Christianum3
1204 1389 1253 1472 qui

139 1481 224 1562 sugit
240 1480 329 1544 mala
350 1490 387 1545 ut
410 1491 552 1563 peccata
575 1482 601 1544 is
624 1480 703 1544 iacit
726 1482 815 1544 bona
831 1480 1041 1559 Christiana3
1066 1484 1123 1564 qui
1146 1493 1252 1547 autem

138 1574 263 1638 iaciunt
279 1575 405 1637 bonum
421 1585 456 1638 et
473 1594 540 1637 non
556 1575 686 1657 fugiunt
703 1574 791 1638 mala
812 1583 848 1638 ut
872 1586 1024 1656 peccata,
1041 1594 1111 1639 non
1135 1576 1252 1640 iaciunt

138 1668 272 1752 aliquod
289 1670 414 1732 bonum
431 1667 677 1744 Christianum;
701 1668 826 1731 malum
843 1670 931 1732 enim
947 1678 1000 1732 est
1017 1680 1140 1733 contra
1151 1671 1251 1733 chari·

138 1773 257 1837 tatem,
274 1783 376 1844 quare
399 1762 431 1824 id
455 1762 598 1843 primum
621 1761 824 1824 abolendum
845 1772 908 1835 est,
925 1771 1110 1845 antequam
1134 1764 1251 1827 bonum

137 1857 227 1939 quod
242 1857 321 1920 iacit
337 1857 380 1919 sit
397 1876 473 1920 cum
490 1855 665 1929 charitate,
676 1855 740 1918 hoc
757 1866 820 1929 est,
834 1854 1018 1919 charitatis,
1049 1854 1130 1921 Non
1144 1867 1251 1938 potest

137 1951 210 2033 quis
225 1952 350 2014 bonurn
366 1950 475 2014 sacere
496 1959 531 2013 et
554 1948 652 2012 simul
675 1948 799 2012 malum
816 1948 903 2012 velle
919 1949 1039 2024 facere,
1056 1969 1116 2014 seu
1133 1952 1250 2015 bonum

137 2044 224 2108 velle
241 2055 276 2108 et
291 2064 423 2126 quoque
440 2043 575 2107 malum.

135 2175 138 2182 ·
200 2135 311 2202 Omne
327 2138 452 2202 bonum
468 2138 557 2219 quod
574 2139 606 2200 in
627 2158 663 2200 se
678 2136 804 2200 bonum
819 2145 883 2210 est,
900 2134 1054 2217 procedit
1076 2158 1123 2201 ex
1146 2137 1250 2202 interi·

137 2252 194 2295 ore
221 2232 418 2310 voluntate3
452 2253 497 2295 ex
524 2231 587 2295 hac
614 2230 791 2294 voluntate
817 2241 1011 2294 removetur
1041 2232 1169 2296 malum
1197 2252 1250 2314 per

161 2372 168 2385 .
207 2327 473 2407 poenitentiam
500 2326 544 2389 ibi
567 2326 669 2389 etiam
693 2324 818 2388 residet
834 2323 959 2387 malum
982 2325 1015 2387 in
1039 2327 1132 2408 quod
1154 2327 1249 2391 homo

136 2391 167 2466 m·
207 2422 374 2498 nascitur;
398 2440 498 2502 quare
517 2420 579 2481 nisi
602 2419 845 2499 poenitentiam
862 2419 943 2499 agit,
960 2429 1115 2483 remanet
1132 2420 1249 2484 malum

206 2515 239 2576 in
263 2514 419 2577 interiore
435 2511 623 2585 voluntate,
640 2521 676 2575 et
694 2512 820 2574 bonum
844 2512 995 2592 procedit
1019 2513 1064 2575 ab
1086 2515 1250 2578 exteriore

136 2606 325 2682 voluntate,
342 2607 390 2670 ita
412 2616 465 2670 est
488 2615 598 2669 status
621 2625 816 2687 perversus;
840 2606 978 2668 interius
1001 2605 1173 2687 qualificat
1193 2628 1250 2671 ex·

136 2703 249 2775 terim,
274 2712 308 2764 et
340 2720 408 2763 non
438 2701 587 2763 exterius
617 2700 764 2762 interius.
818 2699 981 2762 Dominus
1012 2700 1105 2775 dicit,
1136 2700 1250 2783 Purga

131 2795 232 2876 prius
248 2795 389 2857 interius
400 2793 513 2875 poculi
525 2804 555 2857 ct
565 2794 712 2874 patinae.

200 2889 264 2951 Est
281 2876 408 2951 h'omini
424 2887 550 2969 duplex
567 2887 734 2962 voluntas
752 2887 889 2950 interior
903 2895 938 2950 et
955 2887 1115 2951 exterior.
1161 2888 1250 2952 Inte·

136 2984 201 3046 rior
223 2982 381 3046 voluntas
411 2980 601 3063 purificatur
632 3000 689 3061 per
719 2981 974 3062 poenitentiam,
999 2982 1152 3046 exterior
1174 2993 1250 3046 tunc

135 3078 260 3140 bonum
277 3076 355 3139 facit
371 3097 416 3138 ex
433 3075 609 3151 interiore;
633 3086 668 3138 et
689 3075 813 3137 bonum
837 3076 985 3137 exterius
1009 3094 1077 3138 non
1100 3086 1250 3140 removet

135 3169 259 3233 malum
276 3170 579 3251 concupiscentiae,
595 3189 654 3232 seu
670 3169 815 3232 radicem
832 3168 919 3232 mali.

133 3360 157 3410 4.
184 3359 256 3415 duod
270 3358 339 3411 cient
353 3359 427 3410 nomo
443 3374 493 3411 non
512 3360 566 3410 ruit
582 3360 669 3411 inem
685 3359 779 3410 mnium
794 3358 916 3426 proximo,
929 3358 966 3411 itu
984 3358 1089 3413 retitui
1104 3361 1194 3415 {neon
1209 3362 1251 3414 do·

232 3441 309 3483 mm,-
333 3430 361 3477 et
375 3438 424 3478 non
443 3425 563 3478 ricimim.

197 3552 261 3615 Est
277 3552 402 3615 bonum
418 3550 525 3627 civile,
542 3561 594 3616 est
617 3551 742 3615 bonum
759 3550 895 3628 morale,
912 3561 947 3615 et
970 3562 1023 3616 est
1045 3554 1173 3618 bonum
1186 3555 1249 3636 spi·

133 3645 262 3708 rituale.
308 3645 439 3708 Bonum
456 3656 637 3727 antequam
654 3645 757 3708 homo
773 3645 858 3727 sugit
875 3646 963 3709 mala
979 3656 1016 3709 ut
1033 3659 1178 3728 peccata
1200 3658 1249 3712 est

133 3739 258 3801 bonum
275 3738 371 3802 civile
387 3750 422 3803 et
439 3739 585 3815 morale;
609 3748 644 3802 at
661 3740 745 3802 sicut
768 3739 871 3802 homo
894 3740 978 3822 sugit
1001 3739 1091 3804 mala
1114 3752 1152 3805 ut
1176 3761 1250 3824 pec·

133 3843 211 3895 cata
227 3831 263 3896 fit
284 3833 410 3895 bonum
433 3844 504 3896 tam
528 3833 635 3908 civile,
652 3853 752 3914 quam
776 3832 914 3909 morale,
932 3836 1034 3897 etiam
1057 3834 1248 3916 spirituale;

133 3937 167 3989 et
185 3946 252 3988 non
269 3927 367 4006 prius.

196 4018 478 4100 Concupiscentia
507 4020 593 4085 latet
623 4020 722 4095 intus,
753 4031 788 4085 et
818 4032 919 4085 extra
946 4020 1129 4103 jucundum
1160 4022 1246 4105 ejus;

132 4134 233 4196 quare
250 4132 325 4176 cum
341 4112 444 4177 homo
459 4116 590 4196 cogitat
606 4136 650 4178 ex
667 4116 941 4197 concupiscentia
955 4125 991 4179 et
1006 4114 1075 4195 ejus
1088 4114 1244 4196 jucundo,

131 4206 186 4270 vel
200 4205 386 4272 confirmat
409 4207 534 4270 malum
556 4219 592 4272 et
615 4210 721 4273 credit
744 4209 833 4291 quod
857 4208 985 4274 licitum
1008 4209 1062 4283 sit,
1086 4217 1123 4273 et
1146 4210 1245 4273 sicin

132 4301 222 4365 malo
245 4309 308 4374 est,
335 4299 389 4365 vel
413 4321 480 4364 non
503 4303 633 4384 cogitat
656 4302 698 4366 de
722 4301 832 4385 aliquo
855 4303 945 4367 malo
967 4301 1055 4385 apud
1079 4322 1126 4379 se,
1143 4313 1180 4367 et
1200 4302 1243 4366 sic

132 4394 239 4459 credit
261 4414 297 4457 se
313 4393 482 4477 integrum
498 4415 582 4460 esse.
