2776 5040
454 497 506 549 ΒΕ
528 494 634 550 NOVA
656 493 931 549 ntnkosowua
974 560 981 581 ο
1038 540 1042 546 .

649 998 746 1085 [x11.]

224 1238 296 1314 DE
331 1235 702 1320 PAENITENTIA,
737 1235 805 1310 ET
839 1236 1173 1313 REMISSIONE

511 1360 884 1436 PECCATORUM.

136 1738 339 2140 ¹³’QUI
357 1788 431 1853 vult
446 1786 579 1864 salvari,
596 1786 814 1853 confitebitur
831 1797 974 1871 peccata
992 1809 1063 1865 sua,
1081 1800 1117 1855 et
1134 1793 1254 1873 paeni·

315 1883 461 1948 tentiam
479 1891 571 1963 aget.

356 1979 457 2043 160.
487 1976 650 2060 Confiteri
668 1986 814 2058 peccata,
833 1987 886 2042 est
912 1997 1126 2059 cognoscere
1149 1980 1251 2054 mala,

311 2071 426 2135 videre
441 2069 500 2133 illa
514 2069 604 2152 apud
620 2089 668 2144 se,
682 2088 869 2150 agnoscere
885 2069 953 2144 illa,
966 2091 1002 2134 se
1018 2091 1112 2134 reum
1129 2072 1251 2146 facere,

135 2170 172 2226 et
194 2172 333 2245 propter
355 2162 414 2226 illa
434 2182 472 2227 se
495 2162 677 2226 damnare:
701 2163 767 2227 hoc
790 2182 867 2227 eum
889 2162 927 2228 fit
951 2183 1065 2228 coram
1090 2165 1179 2242 Deo,
1199 2176 1252 2231 est

135 2253 289 2320 confiteri
306 2266 460 2339 peccata.
543 2282 549 2291 ’

194 2353 289 2417 161.
315 2351 568 2416 Paenitentiam
588 2373 697 2434 agere,
715 2361 781 2427 est,
800 2363 984 2436 postquam
1007 2354 1055 2418 ita
1073 2355 1251 2419 consessus

135 2453 188 2508 est
207 2453 360 2526 peccata,
380 2453 416 2509 et
435 2463 481 2508 ex
498 2443 615 2507 humili
633 2444 736 2508 corde
755 2444 958 2527 supplicavit
977 2446 1021 2509 de
1039 2448 1249 2514 remissione.

135 2536 299 2602 desistere
328 2537 372 2601 ab
402 2536 478 2613 illis,
502 2547 538 2602 et
564 2538 672 2601 vitam
702 2557 826 2602 novam
853 2539 1039 2602 secundum
1066 2551 1251 2624 praecepta

134 2631 311 2696 charitatis
330 2642 365 2695 et
385 2629 462 2696 fidei
480 2651 593 2714 agere.

193 2728 288 2792 162.
316 2726 383 2808 Qui
401 2725 513 2789 solum
535 2725 775 2790 universaliter
792 2729 951 2809 agnoscit
974 2728 1065 2810 quod
1084 2739 1250 2808 peccator

134 2817 189 2893 sit,
206 2828 242 2883 et
261 2838 297 2882 se
316 2837 408 2882 reum
428 2819 577 2882 omnium
596 2816 763 2881 malorum
782 2819 873 2894 facit,
887 2829 922 2884 et
939 2839 1006 2883 non
1022 2820 1184 2903 explorat
1201 2842 1249 2896 se,

133 2910 199 2975 hoc
218 2922 282 2988 est,
302 2912 396 2976 videt
414 2932 475 2976 sua
492 2921 647 2994 peccata,
668 2912 696 2974 is
713 2912 962 2977 consessionem
984 2915 1075 2990 facit,
1096 2916 1157 2979 sed
1182 2935 1249 2979 non

133 3006 379 3070 confessionem
403 3006 653 3089 paenitentiae:
689 3007 718 3070 is
739 3008 818 3089 quia
844 3027 913 3071 non
940 3009 1035 3072 novit
1063 3030 1124 3073 sua
1147 3010 1248 3086 mala,

133 3100 216 3164 vivit
235 3111 356 3183 postea
371 3101 459 3165 sicut
475 3101 576 3183 prius.

193 3197 290 3278 163.
319 3195 385 3276 Qui
410 3195 518 3259 vitam
547 3195 729 3259 charitatis
757 3204 793 3259 et
822 3195 900 3259 fidei
928 3197 1023 3270 vivit,
1047 3196 1074 3258 is
1103 3198 1249 3261 cottidie

133 3288 378 3370 paenitentiam
391 3289 474 3369 agit,
488 3286 630 3352 reflectit
643 3308 743 3370 super
754 3287 844 3351 mala
859 3307 945 3370 quae
957 3287 1046 3369 apud
1062 3307 1109 3361 se,
1122 3307 1249 3369 agnos·

133 3382 180 3446 cit
200 3381 268 3458 illa,
285 3393 385 3446 cavet
405 3383 449 3445 ab
466 3381 543 3456 illis,
561 3381 731 3465 supplicat
751 3382 935 3446 Dominum
954 3382 998 3445 de
1016 3401 1090 3464 ope.
1133 3381 1250 3446 Homo

133 3476 223 3539 enim
242 3477 402 3540 continue
418 3496 464 3539 ex
483 3496 520 3541 se
538 3476 673 3551 labitur,
687 3476 747 3539 sed
764 3497 784 3540 a
802 3476 951 3539 Domino
967 3477 1128 3540 continue
1147 3477 1250 3560 erigi·

133 3581 197 3646 tur,
214 3580 249 3635 et
268 3571 401 3634 ducitur
415 3571 459 3634 ad
477 3570 624 3648 bonum;
648 3569 727 3634 talis
743 3580 855 3634 status
873 3581 926 3634 est
946 3570 1083 3652 illisqui
1102 3571 1137 3633 in
1156 3571 1250 3636 bono

133 3674 222 3729 sunt.
264 3664 330 3746 Qui
346 3674 460 3727 autem
479 3665 513 3727 in
533 3663 625 3727 malo
640 3673 730 3739 sunt,
748 3664 908 3727 labuntur
922 3665 1094 3738 continue,
1112 3676 1147 3729 et
1164 3685 1251 3747 quo·

132 3778 198 3840 que
220 3779 240 3821 a
263 3759 412 3822 Domino
435 3757 611 3822 elevantur
634 3759 806 3833 continue,
826 3759 886 3822 sed
909 3759 1011 3821 modo
1034 3759 1252 3824 abducuntur

133 3872 175 3916 ne
199 3852 325 3917 cadant
347 3853 381 3915 in
403 3853 604 3935 gravissima
627 3851 728 3928 mala,
748 3853 792 3916 ad
815 3873 901 3935 quae
923 3873 968 3916 ex
995 3873 1031 3916 se
1058 3855 1152 3917 omni
1176 3856 1251 3918 nisu

133 3947 290 4011 tendunt.

192 4043 292 4125 164.
321 4041 438 4104 Homo
462 4041 519 4123 qui
546 4040 709 4122 explorat
738 4061 786 4116 se,
813 4053 850 4106 ut
877 4042 1125 4123 paenitentiam
1151 4055 1249 4126 agat,

133 4133 328 4216 explorabit
341 4133 571 4213 cogitationes
586 4153 665 4196 suas
680 4143 716 4196 et
732 4132 1138 4200 intentionesvoluntatis
1149 4158 1250 4217 suae;

133 4239 168 4292 et
191 4229 246 4304 ibi,
267 4229 346 4310 quid
375 4225 520 4290 fadturus
547 4237 638 4292 esset
668 4227 696 4290 si
725 4228 755 4291 ei
785 4227 914 4304 liceret,
938 4228 1002 4292 hoc
1033 4239 1097 4305 est,
1122 4230 1151 4293 si
1180 4251 1250 4296 non

132 4324 270 4387 timeret
288 4321 384 4403 leges
399 4340 439 4385 ac
454 4318 621 4403 jadturam
640 4321 759 4397 famae,
773 4321 912 4386 honoris
927 4333 963 4386 et
983 4322 1083 4386 lucri:
1108 4324 1154 4388 ibi
1170 4336 1251 4391 sunt

133 4416 224 4481 mala
241 4416 410 4495 hominis;
433 4414 525 4479 mala
542 4434 628 4498 quae
647 4414 751 4479 homo
766 4434 908 4499 corpore
926 4416 1017 4492 facit,
1033 4426 1114 4481 sunt
1134 4420 1251 4483 omnia
