2776 5040
319 474 368 524 nr
391 473 475 541 aJus
497 473 695 527 nocturna
716 474 990 529 cassasti-u.
1011 462 1078 545 196.
1196 478 1252 546 ¹¹5

143 654 211 722 est;
245 653 455 727 quapropter
480 664 616 728 pugnae
638 644 717 709 illae
741 666 811 709 non
840 645 931 728 prius
961 646 1050 729 apud
1080 645 1254 710 hominem

142 739 294 804 existunt
311 759 415 822 quam
432 758 509 804 cum
527 740 555 803 is
573 749 691 806 aetate
705 739 867 806 adoleuit.

196 849 292 916 lm.
320 833 356 899 Si
373 835 479 898 homo
494 834 698 909 succumbit,
714 834 752 898 fit
768 845 881 899 status
894 834 969 916 ejus
988 845 1068 917 post
1086 835 1254 899 tentatio·

141 945 215 989 nem
232 926 326 1010 pejor
341 935 436 991 statu
454 926 525 1008 ejus
539 938 622 990 ante
637 926 742 1003 illam,
758 928 883 1011 quippe
899 927 1025 990 malum
1042 937 1122 990 tunc
1139 927 1254 1009 acqui-

141 1021 216 1085 sivit
232 1021 295 1084 sibi
311 1021 502 1104 potentiam
518 1021 771 1104 superbonum,
789 1032 825 1086 et
841 1021 961 1085 falsum
978 1042 1078 1104 super
1093 1039 1219 1085 verum.

201 1131 300 1198 193.
330 1114 501 1197 Quoniam
521 1115 622 1179 hodie
641 1115 724 1179 tides
743 1136 818 1180 rara
836 1127 889 1179 est
909 1117 987 1198 quia
1006 1135 1074 1179 non
1093 1115 1253 1188 charitas,

141 1218 191 1272 est
207 1209 298 1273 enim
314 1208 459 1273 ecclesia
475 1210 508 1273 in
525 1230 587 1274 suo
605 1209 681 1284 fine,
698 1210 824 1274 idcirco
840 1211 937 1293 pauci
956 1210 1057 1273 hodie
1076 1211 1109 1272 in
1125 1209 1255 1290 aliquas

141 1305 352 1368 tentationes
380 1303 573 1386 spirituales
599 1304 849 1368 admittuntur:
885 1304 964 1368 inde
994 1314 1058 1380 est,
1082 1304 1172 1386 quod
1195 1303 1254 1367 vix

141 1398 264 1461 sciatur
282 1398 362 1481 quid
381 1409 461 1462 sunt
480 1408 516 1462 et
535 1398 578 1461 ad
597 1398 677 1481 quid
696 1399 902 1462 conducunt.

201 1511 301 1580 194.
332 1496 560 1563 Tentationes
583 1497 779 1565 conducunt
806 1497 851 1562 ad
880 1497 1121 1579 acquirendum
1145 1495 1254 1560 domi-

141 1591 232 1653 nium
260 1590 353 1654 bono
377 1610 478 1672 super
496 1589 623 1653 malum
648 1609 790 1654 acuero
813 1611 913 1672 super
936 1590 1082 1668 falsum3
1115 1600 1189 1654 tum
1210 1591 1255 1654 ad

141 1681 371 1747 confirmanda
389 1704 480 1758 vera,
498 1692 533 1748 et
556 1685 600 1748 ad
626 1683 866 1767 conjungenda
888 1684 946 1748 illa
969 1684 1078 1758 bonis,
1098 1693 1134 1748 et
1156 1684 1255 1748 simul

139 1778 182 1841 ad
208 1777 425 1844 discutienda
448 1777 539 1841 mala
561 1788 596 1843 et
620 1778 699 1843 inde
722 1774 825 1842 falsa:
860 1779 1057 1845 conducunt
1080 1778 1185 1841 etiarn
1211 1778 1255 1841 ad

138 1872 359 1954 aperiendum
374 1873 546 1936 internum
562 1871 772 1955 spiritualem
788 1871 972 1946 hominem,
990 1881 1025 1934 et
1045 1871 1088 1933 ad
1104 1871 1134 1935 ei
1153 1871 1255 1953 subji-

135 1965 296 2034 ciendum
316 1965 528 2044 naturalem
552 1974 625 2033 tum
644 1986 777 2050 quoque
793 1967 837 2030 ad
856 1965 1105 2048 infringendum
1122 1985 1255 2029 amores

135 2061 188 2123 sui
207 2071 243 2123 et
262 2061 389 2134 mundi,
410 2070 444 2125 et
464 2060 507 2122 ad
526 2060 735 2123 domandum
753 2060 1047 2142 concupiscentias
1069 2080 1154 2141 quae
1177 2059 1255 2125 inde

132 2163 229 2218 sunt.
282 2152 413 2236 Quibus
443 2151 551 2230 lactis,
575 2153 705 2217 homini
733 2153 770 2217 tit
801 2154 985 2218 illustratio
1014 2162 1050 2217 et
1080 2154 1256 2235 perceptio

131 2249 219 2331 quid
238 2268 356 2312 verum
375 2259 411 2315 et
434 2249 572 2322 bonum,
590 2258 626 2312 et
649 2248 728 2330 quid
752 2248 873 2313 salsum
893 2259 927 2317 et
945 2248 1092 2325 malum;
1116 2248 1194 2312 inde
1217 2247 1255 2312 tit

128 2341 269 2406 homini
287 2341 517 2425 intelligentia
535 2352 570 2407 et
590 2343 768 2424 sapientia,
785 2363 872 2425 quae
894 2353 1016 2425 postea
1034 2341 1142 2406 indies
1164 2361 1256 2407 cres·

129 2449 232 2501 cunt.

203 2553 302 2622 195.
332 2535 433 2601 Solus
452 2536 619 2601 Dominus
642 2557 703 2619 pro
722 2537 861 2602 homine
884 2548 1016 2620 pugnat
1035 2538 1068 2600 in
1088 2537 1256 2602 tentatio·

128 2632 259 2695 nibus:
291 2632 319 2694 si
345 2631 450 2695 homo
472 2651 541 2694 non
567 2631 676 2695 credit
699 2631 790 2713 quod
818 2632 983 2695 Dominus
1006 2631 1099 2697 solus
1126 2643 1257 2714 pugnet

126 2745 201 2807 pro
220 2724 280 2789 illo
302 2734 338 2790 et
358 2726 462 2790 vincit
486 2745 547 2806 pro
569 2724 640 2800 illo,
662 2734 743 2788 tunc
767 2727 996 2790 tentationem
1016 2727 1120 2790 modo
1138 2736 1256 2790 exter·

127 2839 219 2886 nam
238 2821 341 2897 subit,
353 2840 440 2903 quae
456 2821 486 2884 ei
503 2839 571 2887 non
587 2819 760 2885 conducit.

537 3010 856 3063 (mmmmm)

191 3125 285 3194 196.
309 3123 480 3195 Antequam
494 3124 665 3181 summatim
679 3124 806 3179 traditur
818 3123 888 3194 quid
903 3124 932 3178 in
945 3127 1074 3179 Arcanr's
1087 3125 1259 3181 Caelestem

128 3205 177 3258 ‹le
198 3203 416 3259 tentationibus
435 3204 577 3275 scriptum
596 3215 650 3264 est,
668 3204 782 3274 aliquid
802 3204 996 3273 praetandum
1016 3216 1062 3260 est
1081 3205 1118 3261 de
1138 3205 1204 3267 illis,
1223 3216 1258 3260 ut

123 3284 247 3339 clarius
264 3284 363 3338 adhuc
383 3284 495 3339 sciatur
513 3285 661 3338 undenam
684 3294 763 3338 sunt.
799 3283 940 3339 Tentatio
958 3284 1120 3355 spiritualis
1138 3285 1257 3348 dicitur,

122 3380 206 3420 cum
217 3364 298 3419 intus
308 3363 338 3418 in
349 3363 470 3419 homine
481 3364 691 3435 impugnantur
699 3379 769 3418 vera
778 3363 855 3426 fidei,
865 3380 941 3435 quae
952 3365 1043 3420 homo
1053 3366 1143 3420 corde
1152 3365 1257 3428 credit,

121 3457 166 3500 et
182 3445 349 3500 secundum
364 3460 442 3516 quae
456 3444 556 3499 vivere
571 3454 668 3505 amat;
690 3444 835 3515 imprimis
850 3460 918 3499 cum
938 3445 1129 3518 impugnatur
1144 3446 1256 3501 bonum

122 3524 259 3587 amoris,
272 3523 302 3580 in
317 3540 378 3596 quo
397 3524 483 3595 ponit
498 3524 591 3580 vitam
605 3523 800 3593 spiritualem.
838 3523 1082 3596 lmpugnationes
1098 3525 1166 3581 illae
1182 3525 1259 3583 fiunt

122 3604 229 3660 variis
242 3603 353 3667 modis:
373 3621 426 3675 per
435 3604 579 3664 influxum
589 3604 796 3659 scandalorum
810 3604 840 3658 in
850 3605 1047 3676 cogitationes
1057 3617 1088 3661 et
1097 3623 1217 3678 quoque
1228 3607 1257 3662 in

96 3681 99 3685 ’
121 3685 335 3747 voluntatem,
347 3695 453 3741 contra
467 3701 538 3740 vera
552 3694 583 3740 et
601 3685 695 3748 bona:
716 3696 781 3739 tum
797 3701 849 3754 per
864 3686 1060 3742 emersionem
1076 3696 1107 3741 et
1122 3688 1259 3743 recorda-

123 3766 254 3821 tionem
272 3765 447 3820 oontinuam
466 3765 612 3820 malorum
631 3780 708 3835 quae
726 3765 819 3819 homo
837 3764 955 3826 lecerat,
971 3777 1002 3820 et
1021 3766 1162 3821 lalsorum
1181 3783 1258 3838 quae

124 3845 332 3917 cogitaverat,
346 3844 389 3900 ita
406 3860 459 3916 per
472 3845 699 3900 inundationem
713 3845 834 3906 talium;
855 3856 886 3900 et
905 3846 993 3900 simul
1012 3857 1084 3900 tunc
1103 3862 1156 3916 per
1167 3862 1258 3918 appa·

128 3935 254 3981 rentem
274 3925 517 3981 interclusionem
537 3925 712 3980 interiorum
732 3925 848 3987 mentis,
868 3936 899 3980 et
918 3927 961 3981 sic
979 3927 1258 3982 communicationis

125 4021 206 4060 cum
219 4005 312 4068 caelo,
328 4022 381 4077 per
392 4007 475 4076 quod
489 4004 517 4061 ei
537 4005 724 4076 intercipitur
736 4006 867 4078 cogitare
880 4021 917 4060 ex
935 4023 989 4061 sua
1004 4005 1070 4068 fide,
1083 4022 1117 4061 ac
1130 4007 1206 4063 velle
1221 4024 1258 4062 ex

126 4102 193 4142 zuo
202 4102 314 4142 amore.
347 4084 431 4142 Haec
441 4085 543 4140 fiunta
554 4086 638 4141 malis
648 4085 801 4157 spiritibus
811 4086 862 4157 qui
872 4088 951 4155 apud
963 4087 1130 4149 hominem:
1148 4097 1257 4143 etcum

128 4167 223 4230 fiunt,
234 4177 380 4238 apparent
398 4167 456 4222 sub
469 4167 569 4237 specle
581 4167 766 4222 anxietatum
786 4166 968 4230 interiorum,
981 4183 1016 4222 ac
1035 4168 1172 4222 dolorum
1185 4183 1258 4223 con·

129 4247 288 4308 scientiae,
298 4247 441 4318 quoniam
454 4246 527 4301 talia
535 4245 669 4302 afficiunt
680 4257 712 4301 et
724 4247 858 4301 cruciant
867 4247 960 4302 vitam
974 4248 1105 4303 hominis
1117 4248 1257 4318 spiritua·

133 4325 206 4391 lem,
218 4328 362 4384 credente
375 4327 497 4383 homine
510 4328 591 4398 quod
616 4328 727 4382 nonsit
745 4342 763 4381 a
778 4327 863 4382 malis
876 4328 1037 4399 spiritibus,
1049 4329 1101 4383 sed
1121 4343 1158 4382 ex
1176 4344 1207 4384 se
1227 4328 1256 4382 in

137 4405 339 4464 interioribus.
377 4405 467 4480 Quod
487 4406 580 4463 homo
592 4424 651 4462 non
667 4408 741 4463 sciat
755 4408 836 4478 quod
851 4407 926 4462 {uilla
938 4408 998 4463 sint
1017 4424 1053 4462 ex
1069 4407 1154 4464 malis
1171 4407 1257 4478 spiri·
