2776 5040
205 445 243 525 58
674 453 845 507 coaours.

203 626 378 707 agnitione
395 625 459 689 Dei
477 634 530 689 est
548 625 582 687 in
598 622 782 706 conspedtu
798 623 997 706 angelorum
1014 623 1133 686 brutus
1149 623 1234 686 sicut
1253 621 1310 684 fera

203 719 319 795 silvae,
339 731 397 784 aut
417 721 504 783 sicut
526 720 598 782 avis
616 717 735 793 nodtis,
756 729 814 782 aut
833 720 920 782 sicut
943 716 1044 780 belua
1064 719 1186 796 maris;
1218 719 1311 780 immo

202 815 307 877 homo
323 815 450 896 absque
469 815 643 896 agnitione
663 813 727 877 Dei
745 823 798 877 est
817 815 903 877 sicut
919 812 1020 876 arbor
1036 812 1129 892 cujus
1144 813 1227 875 rami
1243 822 1312 873 sunt

201 910 351 984 abscissi,
372 920 406 972 et
430 909 562 972 caudex
583 905 758 982 dissectus,
779 917 814 972 et
838 909 951 971 omnia
974 907 1074 970 simul
1097 916 1265 990 congesta
1284 907 1312 968 in

201 1015 330 1068 struem
348 1014 555 1067 reservatam
579 1003 668 1084 igni;
692 1022 771 1065 narn
787 1003 870 1066 dicit
889 1002 1067 1077 Dominus,

252 1171 335 1222 “Sine
344 1170 389 1220 Me
398 1186 451 1220 non
461 1172 572 1233 potestis
580 1171 666 1220 facere
675 1171 813 1234 quicquam
824 1186 830 1228 ;
848 1170 900 1219 nisi
909 1170 968 1233 quis
978 1170 1108 1218 manserit
1118 1170 1146 1218 in
1156 1168 1211 1227 Me,
1220 1166 1313 1231 ejedlus

331 1245 372 1287 est
389 1237 462 1286 foras
474 1237 541 1286 sieut
559 1236 661 1298 palmes
673 1245 701 1284 et
711 1233 852 1294 arefactus,
867 1245 893 1286 et
905 1236 1036 1297 colligunt
1047 1235 1132 1293 illum,
1146 1245 1176 1285 et
1192 1236 1220 1285 iu
1231 1235 1313 1298 iguem

330 1301 477 1365 conjiciunt
489 1302 571 1360 illum,
585 1311 612 1350 et
624 1300 810 1351 comburitur”
822 1300 898 1366 (Joh.
909 1315 953 1350 xv.
966 1313 989 1362 5,
1000 1300 1034 1363 6).

202 1465 317 1530 Homo
341 1467 467 1548 absque
490 1466 666 1547 agnitione
694 1464 757 1528 Dei
783 1466 875 1528 intus
901 1465 1013 1547 quoad
1041 1464 1224 1529 rationalia
1249 1485 1312 1538 sua,

200 1571 253 1623 est
276 1562 363 1624 sicut
387 1561 505 1624 rudera
525 1561 613 1623 urbis
631 1561 809 1637 incensae;
836 1569 871 1622 et
890 1579 1023 1642 quoque
1043 1569 1096 1623 est
1115 1560 1205 1623 sicut
1228 1561 1314 1623 cibus

199 1674 220 1716 a
238 1675 305 1737 quo
323 1655 403 1718 dum
423 1655 601 1718 nutricium
620 1654 689 1735 ejus
708 1653 874 1717 elixatum
893 1663 958 1728 est,
975 1653 1103 1716 fatiscit
1123 1655 1156 1716 in
1176 1655 1312 1736 sterqui-

200 1748 326 1812 linium.
372 1749 419 1812 Et
438 1750 485 1811 sic
505 1769 615 1830 porro.

262 1843 335 1927 48.
365 1841 432 1906 Sed
466 1841 672 1925 impossibile
703 1851 755 1906 est
786 1851 823 1905 ut
855 1840 960 1904 homo
991 1842 1099 1923 possit
1130 1862 1313 1925 agnoscere

200 1936 311 2000 Deum
335 1947 370 2000 et
392 1937 517 2020 aliquid
546 1936 638 2018 Ejus,
663 1937 725 1999 nisi
753 1936 846 2000 Deus
868 1935 912 2000 Se
935 1937 969 2000 in
993 1936 1167 2000 Personali
1195 1938 1314 2000 Forma

201 2030 361 2095 Humana
380 2031 664 2094 manifestaverit:
690 2040 811 2093 natura
830 2031 919 2093 enim
943 2030 1058 2093 mundi
1080 2032 1313 2094 circumfundit

198 2124 304 2200 illurn,
325 2135 360 2188 et
384 2145 452 2189 non
470 2126 574 2200 videt,
592 2126 697 2188 sentit
716 2134 752 2188 et
775 2125 880 2206 spirat
900 2125 1079 2207 quicquam
1102 2145 1206 2207 quam
1229 2126 1313 2208 quod

198 2219 277 2282 inde
296 2229 360 2293 est,
385 2228 420 2283 et
444 2221 556 2301 tangit
579 2239 709 2301 organa
731 2219 882 2301 corporis
904 2218 994 2298 ejus,
1024 2219 1104 2281 inde
1129 2239 1227 2282 mens
1249 2219 1314 2300 ejus

199 2306 346 2395 concipit
366 2323 401 2377 et
419 2314 556 2396 suscipit
575 2313 751 2386 rationale,
771 2314 861 2396 quod
884 2313 918 2376 in
937 2313 1050 2376 medio
1069 2313 1223 2377 Naturae
1240 2334 1313 2396 gre·

198 2409 266 2471 mio
281 2407 384 2489 jacet,
404 2409 490 2472 sicut
508 2409 649 2489 embryo
667 2409 700 2471 in
720 2418 839 2487 utero;
861 2427 924 2472 nec
944 2408 1037 2471 videt
1057 2408 1238 2491 quicquam
1256 2429 1313 2472 an·

198 2511 335 2583 tequam
355 2504 502 2574 enititur,
522 2513 557 2565 et
576 2503 698 2584 accipit
718 2503 835 2565 visum.
880 2500 1063 2583 Quomodo
1079 2503 1194 2585 itaque
1214 2504 1314 2566 homo

197 2598 230 2658 in
254 2597 317 2658 hoc
342 2607 434 2658 statu
457 2596 568 2684 aliquo
592 2597 694 2659 modo
717 2605 830 2677 potest
855 2597 1061 2677 transpicere
1082 2595 1260 2671 Naturam,
1280 2606 1313 2660 et

198 2710 384 2770 agnoscere
407 2690 530 2771 aliquid
558 2691 647 2771 quod
675 2711 773 2771 supra
800 2689 892 2753 illam
920 2702 982 2765 est,
1008 2690 1106 2771 quale
1134 2701 1187 2754 est
1215 2713 1313 2754 omne

198 2783 367 2857 Divinum,
388 2785 546 2856 caeleste,
567 2795 602 2847 et
626 2784 808 2866 spirituale,
828 2794 864 2847 et
887 2785 964 2846 inde
988 2804 1089 2847 omne
1107 2786 1311 2866 religiosum,

198 2898 282 2959 quae
313 2881 345 2941 in
377 2900 412 2941 se
443 2889 521 2942 sunt
552 2900 650 2960 supra
678 2879 865 2942 naturalia?
915 2877 1132 2960 Quapropter
1158 2880 1313 2944 absoluta

197 2975 382 3035 necessitas
401 2984 453 3036 est
473 2983 509 3036 ut
534 2973 625 3035 Deus
645 2972 688 3036 Se
708 2974 911 3046 manifestet,
931 2982 967 3035 et
990 2975 1036 3034 sic
1061 2972 1105 3036 Se
1128 2974 1230 3037 faciat
1254 2996 1312 3056 ag·

197 3068 301 3138 nosci,
319 3088 357 3129 ac
378 3077 454 3149 post
472 3068 682 3148 agnitionem
698 3068 837 3149 inspiret
853 3067 945 3129 illum
967 3068 1091 3129 Divino
1106 3089 1169 3131 suo
1185 3069 1311 3141 afflatu,

196 3171 230 3222 et
254 3182 312 3241 per
332 3162 418 3224 hunc
439 3172 612 3242 receptum
632 3162 664 3223 in
684 3161 785 3224 corde
804 3160 907 3224 ducat
925 3160 1030 3233 illum,
1051 3170 1086 3224 et
1109 3163 1252 3225 tandem
1271 3165 1311 3226 ad

196 3253 240 3318 Se
263 3257 295 3316 in
320 3256 470 3330 caelum;
502 3256 592 3337 quod
616 3274 827 3337 nequaquam
851 3254 919 3318 fieri
942 3265 1068 3336 potest,
1094 3258 1157 3318 nisi
1181 3279 1241 3339 per
1264 3259 1310 3320 in-

195 3348 407 3413 structiones.
454 3349 576 3412 Nonne
604 3351 706 3412 etiam
738 3351 920 3431 imperator
947 3359 982 3412 et
1012 3371 1073 3412 rex
1101 3371 1138 3413 se
1169 3354 1310 3433 primum

194 3444 295 3507 faciet
322 3445 462 3525 agnosci
489 3456 524 3507 et
552 3447 705 3507 coronari
733 3455 915 3526 antequam
942 3445 1134 3525 auspicatur
1161 3449 1310 3527 regimen

195 3541 312 3600 suum?
344 3541 448 3602 etiam
471 3549 654 3620 antequam
678 3549 869 3612 coronatur,
890 3539 1075 3620 insignibus
1098 3539 1240 3603 dominii
1263 3543 1310 3603 in·

194 3636 343 3705 struitur,
368 3643 403 3696 et
430 3634 556 3707 amicit,
582 3654 621 3696 ac
649 3634 757 3714 ungit,
781 3633 1033 3695 confoederabit
1061 3633 1123 3696 sibi
1150 3634 1309 3716 populum

194 3747 253 3808 per
275 3726 374 3808 pacta
394 3739 563 3791 conventa
582 3729 736 3809 utrinque
751 3727 883 3807 jurata?
914 3748 981 3808 quo
998 3723 1088 3790 facto
1107 3729 1253 3810 populus
1275 3729 1311 3793 fit

194 3822 293 3901 regia,
314 3833 349 3884 et
372 3844 432 3885 rex
452 3821 575 3903 populi.
622 3821 744 3884 Nonne
764 3842 906 3903 sponsus
924 3841 960 3883 se
979 3823 1122 3903 primum
1142 3822 1244 3886 faciet
1263 3826 1309 3886 vi-

193 3915 263 3978 deri
276 3926 457 3998 antequam
471 3918 629 3997 proponit
642 3917 951 3997 desponsationem,
965 3927 1000 3978 et
1016 3926 1138 3997 postea
1155 3919 1310 4000 nuptias?

192 4009 321 4072 Annon
345 4020 442 4090 pater
464 4030 578 4072 coram
602 4031 662 4072 suo
685 4009 812 4073 infante
835 4011 943 4084 sistet,
967 4009 1060 4072 illurn
1085 4010 1311 4093 amplectetur

192 4114 227 4166 et
247 4104 462 4178 osculabitur,
480 4114 663 4186 antequam
683 4104 790 4166 infans
806 4113 922 4185 potest
941 4104 1063 4177 dicere,
1083 4104 1229 4181 “Abba,
1248 4106 1309 4169 Pa-

192 4208 244 4261 ter
255 4198 283 4259 ?”
327 4198 375 4261 Et
401 4200 447 4261 sic
475 4219 584 4281 porro.
629 4198 752 4262 Adhuc
781 4199 855 4279 plus
881 4198 1047 4260 Dominus
1072 4197 1231 4279 Jehovih,
1257 4203 1308 4283 qui

191 4302 244 4355 est
263 4299 283 4324 ‘⁴
297 4292 374 4355 Rex
391 4313 506 4373 regum
524 4303 558 4355 et
579 4293 744 4355 Dominus
760 4293 971 4355 dominorum
980 4291 995 4314 ”
1009 4290 1055 4371 (A
1056 4304 1130 4373 poc.
1147 4298 1229 4359 xvii.
1247 4297 1308 4377 14),

191 4386 367 4450 Ecclesiae
391 4385 542 4469 Sponsus
565 4396 600 4450 et
624 4386 766 4450 Maritus
787 4384 904 4469 (Apoc.
921 4387 992 4448 xxi.
1011 4385 1059 4468 9),
1078 4398 1114 4451 et
1138 4391 1219 4454 inde
1239 4411 1292 4454 om
