2776 5040
494 469 546 521 DE
567 468 715 522 SPIRITU
737 467 897 522 SANCTO.
1210 470 1253 537 47

349 647 432 713 tum,
446 660 467 703 a
481 638 629 704 Domino
642 661 701 723 per
712 639 870 704 clericum
884 639 1047 722 procedat
1060 639 1103 702 ad
1117 638 1251 715 laicum,

348 752 407 816 per
423 734 705 816 praedicationes,
719 734 905 798 secundum
921 733 1153 815 receptionem
1168 733 1252 797 doc·

349 830 458 892 trinae
474 831 629 892 veritatis
645 828 751 893 inde.t

198 938 230 1005 9.
262 921 309 986 Et
327 923 417 1005 quod
431 942 490 1004 per
502 933 754 986 sacramentum
767 919 914 986 Sanciae
927 920 1053 999 Cenae,
1066 923 1253 988 secundum

347 1017 592 1099 paenitentiam
610 1026 691 1081 ante
710 1016 803 1080 illud.

486 1509 645 1576 cArur
675 1508 913 1592 Qumrunr.

132 1743 252 1827 Quor)
286 1744 457 1809 Drvmun
488 1756 720 1818 rnocumzrrs
744 1756 848 1820 Quor>
870 1755 1048 1808 vocnrun
1079 1742 1252 1808 Srrrurus

265 1835 447 1914 Snuch,
479 1850 520 1900 nr
553 1849 715 1901 monuo
744 1850 861 1901 seusu
890 1850 949 1900 s1r
979 1836 1156 1912 vunnuu,
1188 1850 1251 1901 um

264 1930 448 1996 snucnm
471 1932 554 1996 Dur.

204 2132 229 2179 1.
261 2112 360 2196 Quod
378 2114 529 2178 Verbum
545 2115 589 2178 sit
605 2116 714 2197 ipsum
730 2112 903 2190 Sancium,
917 2115 950 2178 in
967 2113 1123 2178 Ecclesia
1135 2112 1251 2178 Chris·

348 2210 452 2284 tiana,
469 2230 514 2272 ex
532 2209 657 2272 Divino
676 2210 825 2284 Domini,
843 2209 933 2292 quod
952 2209 1033 2272 inibi
1050 2218 1104 2273 est
1121 2219 1156 2274 et
1173 2209 1252 2274 inde

342 2313 407 2367 est.
453 2300 567 2384 Quare
594 2303 753 2366 Divinum
778 2304 977 2385 procedens,
996 2303 1088 2386 quod
1110 2313 1253 2366 vocatur

346 2396 489 2479 Spiritus
512 2393 668 2471 Saucius,
688 2398 722 2459 in
745 2398 881 2479 proprio
903 2416 1005 2461 sensu
1023 2407 1077 2460 est
1097 2395 1250 2460 Verbum

347 2504 383 2554 et
403 2488 565 2555 Sannum
589 2491 686 2561 Dei.†

199 2600 229 2648 2.
260 2582 362 2666 Quod
381 2585 547 2648 Dominus
563 2586 606 2648 sit
620 2584 783 2659 Verbum,
800 2594 854 2649 est
869 2585 946 2667 quia
962 2583 1045 2647 illud
1063 2605 1083 2647 a
1103 2584 1253 2647 Domino

345 2688 410 2754 est,
431 2688 467 2743 et
489 2680 532 2743 de
556 2678 715 2753 Domino,
735 2688 771 2743 et
794 2679 841 2742 sic
864 2680 899 2742 in
918 2699 979 2742 sua
1000 2680 1151 2743 essentia
1173 2679 1252 2762 Ipse

349 2773 525 2836 Dominus.

200 2882 228 2948 3.
261 2864 361 2948 Quod
382 2868 559 2941 Dominus,
579 2869 657 2951 quia
675 2878 728 2932 est
741 2867 905 2942 Verbum,
922 2868 967 2932 sit
987 2867 1079 2931 solus
1095 2865 1250 2944 Sanc'tus,

346 2972 382 3024 et
397 2963 488 3045 quod
508 2964 552 3025 sit
570 2960 744 3027 “Sanc'tus
762 2960 927 3036 Israelis,'’
942 2963 998 3045 qui
1017 2963 1122 3025 toties
1142 2963 1251 3025 nomi·

347 3066 447 3119 natur
465 3057 553 3138 apud
572 3056 775 3137 Prophetas,
795 3057 837 3118 de
856 3076 924 3137 quo
942 3057 1047 3119 etiarn
1066 3056 1111 3119 ibi
1129 3057 1252 3120 dicitur

347 3150 438 3232 quod
456 3150 500 3212 sit
519 3149 612 3213 solus
628 3151 731 3213 Deus.

195 3261 228 3323 4
259 3240 360 3324 Quod
382 3245 460 3307 inde
483 3246 527 3307 sit
550 3246 640 3327 quod
660 3245 754 3309 locus
773 3245 829 3308 ubi
851 3244 912 3309 suit
934 3264 1013 3307 arca
1036 3245 1069 3307 in
1092 3245 1251 3308 taberna·

347 3338 558 3420 culo,-quia
581 3339 614 3401 in
638 3338 697 3402 illo
719 3339 780 3403 fuit
804 3338 891 3415 Lex,
912 3339 1110 3421 principium
1134 3338 1250 3413 Verbi,

346 3452 448 3515 super
469 3453 536 3514 qua
554 3435 837 3515 propitiatorium,
858 3444 893 3497 et
916 3453 1016 3516 super
1039 3433 1104 3497 hoc
1128 3433 1249 3498 cheru-

346 3527 426 3601 bim,
440 3547 527 3608 quae
540 3529 653 3590 omnia
666 3526 905 3609 significabant
921 3528 1104 3591 Dominum
1117 3537 1155 3592 ut
1164 3527 1251 3592 Ver-

346 3617 618 3695 bum,—¹¹¹dicius
636 3621 734 3686 suerit
752 3619 1045 3698 “summarium’'
1060 3632 1096 3687 et
1114 3621 1251 3687 “Sanc-

346 3725 419 3778 tum
439 3713 670 3779 Sanctorum?

200 3824 228 3892 5.
261 3806 361 3890 Quod
380 3812 485 3874 etiam
504 3811 582 3875 inde
601 3811 645 3875 sit
663 3811 755 3893 quod
774 3809 874 3875 Nova
893 3810 1145 3894 Hierosolyma,
1165 3831 1251 3894 quae

193 4062 210 4096 ⁸¹
229 4062 457 4122 [Annorrmours
473 4071 491 4108 rr
506 4070 642 4116 unumne,
654 4076 715 4122 qnae
719 4062 788 4123 sorte
796 4067 854 4109 snut
863 4063 903 4109 hic
912 4062 1025 4123 legenda
1031 4061 1159 4122 .s-]Qrod
1168 4074 1252 4122 prooe-

132 4130 588 4183 minduniensetnbhindlnrooc

194 4201 270 4259 Quod
287 4200 391 4247 influens
406 4200 456 4260 [sir]
473 4202 498 4246 in
511 4198 645 4247 {momina
660 4199 702 4259 qui
719 4200 744 4247 in
760 4200 893 4247 Dominum
906 4197 1039 4256 blereduni,
1051 4199 1106 4247 etsi
1117 4199 1251 4247 secuudum

132 4270 251 4323 ordbrem,
261 4268 287 4314 in
297 4268 402 4322 elericos,
413 4276 438 4315 ct
447 4269 481 4315 sic
491 4282 535 4328 per
543 4269 589 4315 hos
600 4268 624 4315 in
635 4269 715 4316 Meos.

193 4345 398 4406 murmurio
416 4355 434 4392 rr
451 4353 588 4399 numus.
605 4361 667 4406 qm
676 4346 784 4407 sonasse
801 4346 835 4393 sie
850 4345 923 4406 huju
940 4344 1122 4405 bein-1011&
1138 4342 1251 4405 [spurtus

133 4412 248 4472 Saucius]
259 4414 374 4473 pmdnt
384 4426 399 4459 ι
409 4413 516 4460 Domino
525 4426 570 4473 per
579 4414 695 4463 Verbum.
