2776 5040
119 459 161 527 72
442 461 493 513 DE
516 460 621 513 NOVA
644 460 919 515 manosomm

119 626 255 704 amoris,
272 648 349 693 cum
368 629 472 694 homo
491 640 584 695 amat
600 631 713 694 vivere
730 651 846 695 verum
869 641 905 694 et
928 630 1068 706 bonum,
1086 629 1153 694 hoc
1171 639 1234 705 est,

119 722 233 786 vivere
252 726 438 788 secundum
454 725 512 788 iila
530 745 616 808 quae
635 727 668 788 in
685 724 803 789 Verbo
819 736 1003 807 praecepta
1019 735 1110 788 sunt.

176 832 264 883 112.
293 819 396 882 Fides
423 830 477 883 est
498 819 635 883 afi'edtio
654 821 725 883 veri
753 841 798 884 ex
824 820 916 884 veile
937 839 1055 883 verum
1084 821 1164 904 quia
1184 830 1237 882 est

120 929 257 987 verum;
280 920 316 975 et
332 910 421 974 veile
433 932 549 975 verum
564 913 644 995 quia
659 922 712 976 est
724 932 852 988 verum,
866 923 920 976 est
935 914 1044 995 ipsum
1062 911 1237 994 spirituale

121 1003 288 1080 hominis;
311 1015 365 1067 est
388 1006 479 1068 enim
501 1003 711 1070 abstradium
738 1026 759 1068 a
782 1006 937 1079 naturali,
957 1006 1048 1088 quod
1072 1016 1126 1068 est
1149 1003 1238 1068 velle

120 1117 238 1160 verum
255 1118 323 1161 non
340 1110 479 1181 propter
491 1118 618 1175 verum,
632 1100 693 1163 sed
709 1110 849 1182 propter
864 1101 913 1163 sui
930 1098 1086 1181 gloriam,
1099 1098 1236 1172 samam,

121 1200 182 1254 aut
201 1190 350 1255 lucrum:
375 1213 491 1256 verum
514 1190 687 1258 abstradie
706 1215 727 1256 a
745 1193 871 1256 talibus
889 1203 942 1256 est
960 1191 1145 1275 spirituale,
1162 1193 1240 1274 quia

120 1294 174 1348 est
192 1305 213 1348 a
230 1285 373 1363 Divino;
396 1287 486 1369 quod
502 1287 657 1368 procedit
673 1307 693 1350 a
710 1287 834 1350 Divino
846 1297 899 1351 est
917 1285 1104 1369 spirituale,
1119 1295 1156 1348 et
1172 1285 1238 1348 hoc

120 1378 337 1462 conjungitur
357 1382 483 1444 homini
507 1402 567 1464 per
585 1400 757 1459 amorem;
782 1400 861 1444 nam
884 1400 981 1444 amor
998 1391 1052 1444 est
1076 1378 1238 1461 conjunc·

121 1474 172 1536 tio
187 1474 382 1556 spiritualis.

181 1585 273 1652 113.
302 1570 419 1634 Homo
441 1571 588 1634 multum
613 1580 731 1653 potest
753 1572 852 1646 scire,
874 1573 1030 1652 cogitare
1051 1579 1087 1634 et
1110 1569 1239 1634 intelli·

122 1681 215 1743 gere,
232 1663 292 1726 sed
311 1662 370 1726 illa
388 1684 475 1746 quae
493 1683 560 1726 non
580 1663 792 1727 concordant
809 1681 886 1726 cum
905 1682 1021 1726 amore
1036 1662 1118 1743 ejus,
1133 1660 1240 1744 rejicit

122 1778 143 1819 a
160 1776 208 1830 se,
225 1776 302 1820 cum
322 1758 384 1820 sibi
408 1758 471 1821 soli
490 1756 626 1822 relidtus
645 1758 849 1821 meditatur:
874 1768 910 1820 et
928 1758 1006 1821 ideo
1024 1778 1159 1840 quoque
1183 1757 1241 1820 illa

122 1849 228 1931 rejicit
241 1862 320 1932 post
332 1852 439 1914 vitam
452 1852 611 1932 eorporis,
623 1870 699 1913 cum
713 1852 746 1913 in
759 1852 878 1932 spiritu
891 1862 944 1914 est
957 1873 965 1928 ;
986 1870 1065 1913 nam
1081 1851 1115 1913 id
1128 1850 1241 1913 solum

123 1955 239 2008 manet
262 1945 296 2008 in
320 1947 437 2027 spiritu
460 1945 616 2020 hominis,
636 1944 727 2028 quod
750 1945 891 2008 intravit
914 1945 947 2006 in
971 1943 1042 2025 ejus
1065 1963 1240 2023 amorem;

122 2048 239 2101 cetera
261 2048 340 2120 post
363 2050 509 2102 mortem
533 2035 731 2120 spedtantur
754 2048 790 2100 ut
817 2036 940 2111 aliena,
960 2058 1047 2120 quae
1069 2039 1149 2120 quia
1172 2058 1242 2102 non

122 2133 247 2195 amoris
265 2132 336 2213 ejus
353 2144 443 2208 sunt,
463 2132 553 2213 ejicit
576 2133 689 2195 domo.
735 2131 774 2195 In
794 2133 913 2212 spiritu
931 2131 1079 2195 hominis
1103 2131 1240 2208 dicitur,

122 2226 201 2308 quia
216 2227 320 2290 homo
336 2228 419 2290 vivit
435 2228 574 2309 spiritus
590 2236 668 2309 post
685 2236 842 2288 mortem.

175 2337 267 2405 114.
296 2323 379 2385 ldea
405 2322 564 2385 debono
592 2322 684 2403 quod
709 2321 890 2384 charitatis
915 2331 951 2384 et
977 2320 1020 2384 de
1041 2341 1127 2384 vero
1148 2323 1242 2405 quod

123 2411 211 2490 fidei,
235 2414 369 2477 formari
396 2422 512 2495 potest
535 2434 580 2476 ex
604 2413 685 2476 solis
712 2412 786 2475 luce
811 2423 846 2476 et
870 2412 994 2476 calore.
1040 2411 1130 2488 Lux,
1154 2432 1244 2497 quae

123 2509 278 2588 procedit
294 2529 314 2570 a
330 2508 413 2580 sole,
427 2527 503 2571 cum
523 2505 703 2589 conjundta
718 2517 771 2570 est
792 2507 907 2578 calori,
919 2507 1010 2589 quod
1026 2505 1064 2569 fit
1084 2516 1244 2589 tempore

123 2602 211 2665 veris
226 2613 262 2666 et
280 2604 435 2677 aestatis,
456 2613 536 2665 tunc
556 2602 670 2665 omnia
686 2600 817 2665 telluris
833 2603 1027 2682 germinant
1043 2609 1079 2664 et
1096 2599 1244 2677 fiorent;

123 2705 161 2758 at
184 2714 261 2759 cum
284 2697 317 2758 in
345 2695 420 2759 luce
447 2715 515 2758 non
542 2706 595 2758 est
625 2694 729 2770 calor,
754 2703 792 2758 ut
818 2704 974 2776 tempore
1002 2694 1134 2767 hiemis,
1160 2704 1243 2759 tunc

124 2790 238 2853 omnia
255 2788 386 2852 telluris
399 2798 537 2871 torpent
554 2798 589 2853 et
605 2790 832 2852 emoriuntur:
857 2790 962 2851 etiam
979 2787 1039 2850 lux
1056 2788 1245 2870 spiritualis

123 2892 178 2947 est
197 2902 313 2946 verum
333 2882 419 2958 fidei,
437 2894 473 2947 et
489 2883 582 2948 calor
600 2882 781 2965 spiritualis
797 2892 850 2946 est
869 2901 974 2945 amor.
1019 2878 1077 2943 Ex
1093 2880 1147 2942 his
1163 2881 1245 2944 idea

124 2977 259 3040 {ormari
277 2989 393 3059 potest
413 2978 456 3041 de
475 2978 612 3040 homine
631 2975 807 3050 ecclesiae,
820 2975 929 3059 qualis
945 2974 1002 3038 ilie
1021 2984 1084 3047 est,
1102 2973 1245 3056 quando

124 3072 214 3153 apud
237 3070 332 3134 ilium
355 3069 536 3153 conjuncta
558 3079 612 3134 est
635 3069 718 3133 fides
741 3070 912 3143 charitati,
932 3069 1023 3152 quod
1050 3086 1176 3149 nempe
1198 3069 1246 3131 sit

83 3235 85 3239 ι
125 3167 212 3229 sicut
225 3166 345 3230 hortus
360 3177 396 3229 et
412 3166 586 3248 paradisus
599 3186 607 3243 3
631 3176 666 3228 et
679 3164 788 3248 qualis
804 3163 872 3237 ille,
885 3163 1024 3246 quando
1039 3162 1129 3244 apud
1146 3162 1246 3226 illum

126 3280 194 3324 non
213 3257 393 3341 conjundia
411 3270 465 3323 est
488 3259 572 3323 fides
595 3259 765 3333 charitati,
785 3258 876 3342 quod
895 3259 939 3321 sit
958 3258 1045 3321 sicut
1064 3256 1245 3320 desertum

126 3365 161 3420 et
178 3364 269 3420 terra
285 3356 361 3418 nive
377 3351 520 3436 objedia.

182 3468 274 3537 115.
304 3453 521 3518 Confidentia
539 3474 598 3516 seu
616 3451 749 3526 fiducia,
767 3472 853 3534 quae
876 3451 999 3514 dicitur
1017 3448 1105 3524 fidei,
1125 3459 1163 3513 et
1182 3470 1247 3514 vo·

126 3559 223 3613 catur
245 3551 319 3631 ipsa
341 3547 426 3611 fides
452 3547 600 3622 salvans,
625 3566 693 3610 non
717 3557 770 3610 est
794 3543 1002 3608 confidentia
1031 3564 1091 3606 seu
1121 3543 1248 3607 fiducia

127 3643 310 3726 spiritualis
329 3643 389 3705 sed
409 3641 584 3716 naturalis,
604 3660 681 3703 cum
700 3650 754 3703 est
773 3638 877 3702 solius
895 3637 983 3701 fidei.
1028 3635 1249 3702 Confidentia

127 3759 186 3802 seu
205 3735 327 3801 fiducia
349 3734 533 3818 spiritualis
556 3735 742 3799 essentiam
766 3744 802 3797 et
820 3734 928 3796 vitam
952 3751 1047 3795 suam
1070 3730 1178 3794 habet
1201 3752 1249 3795 ex

126 3833 218 3896 bono
234 3833 369 3906 amoris,
384 3851 452 3894 non
465 3839 581 3893 autem
594 3849 615 3891 a
626 3850 708 3892 vero
724 3828 802 3891 fidei
814 3835 993 3909 separatae
1006 3846 1014 3904 ;
1037 3823 1250 3890 confidentia

127 3926 205 3991 fidei
228 3936 406 4009 separatae
435 3936 489 3990 est
513 3932 667 3999 mortua;
701 3931 909 4004 quapropter
931 3940 1010 3983 vera
1038 3917 1251 3983 confidentia

129 4041 196 4085 non
216 4020 339 4085 dabilis
357 4030 410 4084 est
429 4020 518 4101 apud
538 4018 615 4081 illos
633 4018 688 4101 qui
707 4018 814 4080 vitam
837 4015 963 4079 malam
986 4023 1113 4094 agunt:
1141 4014 1250 4077 etiam

128 4115 335 4181 confidentia
352 4116 441 4198 quod
454 4114 600 4177 salvatio
616 4114 660 4176 sit
677 4121 816 4195 propter
828 4110 986 4174 meritum
1004 4107 1141 4172 Domini
1156 4109 1251 4191 apud

129 4211 277 4286 Patrem,
302 4220 473 4291 utcunque
496 4208 569 4269 vita
596 4207 742 4270 hominis
767 4205 886 4279 fuerat,
911 4223 973 4266 nec
1001 4212 1054 4266 est
1081 4222 1126 4265 ex
1153 4222 1249 4266 vero.

129 4302 259 4368 Omnes
285 4305 342 4387 qui
371 4304 404 4366 in
435 4300 600 4384 spirituali
632 4299 697 4364 fide
724 4310 815 4375 sunt,
843 4297 1086 4362 confidentiam
1116 4296 1250 4360 habent

128 4399 219 4483 quod
238 4397 448 4462 salventura
469 4396 629 4471 Domino,
643 4394 787 4459 credunt
806 4394 896 4456 enim
914 4391 1007 4475 quod
1028 4389 1196 4453 Dominus
1214 4390 1250 4454 in
