2776 5040
231 483 437 535 ECCLESIAE
452 483 717 536 ISRAELITICAE
733 483 874 536 STATUS
889 485 1115 537 Primus-rt.
1130 492 1182 555 49.
1228 491 1267 556 59

140 654 236 717 nium
249 651 318 734 ejus
330 651 462 736 prolum
475 653 584 717 Pater.
621 653 684 717 Per
697 653 910 717 “Dominum
922 653 1091 735 Jehovih”
1103 656 1264 738 intelligi-

143 768 221 811 mus
241 747 424 811 Dominum
445 747 657 811 Salvatorem
677 761 711 811 et
733 748 1002 831 Redemptorem
1014 760 1180 829 nostrunr;
1199 750 1265 816 Hic

139 843 234 926 apud
249 842 431 919 Danielem,
446 854 481 906 et
493 843 583 925 apud
601 843 790 926 Prophetas
804 841 978 928 [reliquos]
994 845 1111 923 ubivis,
1124 858 1266 911 vocatur

144 937 345 1001 “Dominus
359 936 531 1018 Jehovih.”

204 1047 279 1115 49·
310 1031 524 1114 Propositum
549 1052 649 1114 supra
676 1041 729 1095 est
761 1034 851 1115 quod
882 1033 1008 1115 primus
1034 1044 1145 1099 status
1175 1037 1263 1118 apud

139 1125 228 1188 filios
247 1126 382 1189 Israelis
400 1126 497 1189 suerit
517 1124 699 1208 Apparitio
718 1126 857 1191 Domini
873 1128 1028 1209 jehovih,
1047 1127 1207 1207 Vocatio,
1228 1142 1263 1195 et

141 1217 425 1298 Consoederati03
449 1229 483 1283 et
503 1241 547 1282 ex
567 1220 684 1284 Verbo
703 1221 861 1285 discimus
880 1222 970 1306 quod
994 1224 1058 1285 tria
1076 1222 1160 1286 haec
1181 1224 1264 1286 data

140 1314 211 1376 sint
230 1315 337 1396 primo
356 1315 445 1396 apud
461 1314 662 1391 Abramum,
680 1315 830 1379 secundo
846 1317 935 1398 apud
955 1316 1087 1392 Mosen,
1105 1327 1140 1380 et
1160 1319 1263 1382 tertio

140 1409 232 1490 apud
251 1411 441 1472 universum
461 1409 632 1492 populum.
677 1409 859 1492 Apparitio
879 1410 1016 1476 Domini
1036 1412 1182 1494 Jehovih
1203 1432 1261 1477 co·

139 1522 214 1567 ram
233 1500 459 1567 Abraham0¹¹1
478 1504 678 1567 describitur
697 1505 730 1568 in
752 1504 879 1581 Genesi,
897 1507 967 1569 ita:

193 1634 340 1701 “Jehovah
357 1637 480 1699 apparuit
497 1637 653 1686 Abrahamo
673 1638 701 1687 in
719 1638 880 1700 planitiebus
899 1638 1019 1697 Mamm
1046 1639 1089 1690 ille
1109 1641 1206 1690 sedens
1226 1643 1261 1692 ad

272 1703 371 1751 ostium
389 1702 496 1751 tentorii
517 1703 558 1752 sui
561 1739 643 1759 .....
656 1717 768 1817 cumque
785 1704 890 1753 tolleret
907 1705 999 1754 oculos
1016 1720 1080 1754 suos
1100 1714 1128 1755 et
1148 1707 1257 1764 videret,

272 1782 333 1816 ecce
351 1776 405 1816 tres
416 1767 473 1817 Viri
490 1769 598 1817 stabant
616 1783 699 1831 prope
716 1768 807 1825 ilum:
833 1783 900 1832 quos
918 1784 978 1818 cum
996 1771 1109 1833 primum
1128 1771 1202 1830 vidit,
1217 1787 1261 1822 cu·

271 1833 352 1882 currit
368 1832 475 1881 obviam
494 1833 559 1895 ipsis
576 1834 611 1881 ab
628 1835 697 1882 ostio
715 1835 830 1891 tentorii,
850 1844 876 1884 et
893 1835 1042 1884 incurvavit
1058 1851 1088 1885 se
1105 1836 1133 1885 in
1151 1846 1256 1887 terram.

271 1898 360 1960 Atque
377 1899 452 1957 dixit,
467 1898 583 1956 Adonai,
597 1899 620 1947 si
638 1898 728 1948 inveni
747 1900 860 1961 gratiam
879 1900 906 1949 in
924 1901 1008 1950 oculis
1025 1901 1086 1959 tuis,
1106 1917 1141 1952 ne
1158 1917 1258 1966 quaeso

271 1972 393 2013 transeas
404 1973 510 2027 praeter
521 1978 628 2013 servum
641 1973 716 2013 tuum
725 1964 739 1983 ”
751 1964 819 2027 (cap.
830 1965 902 2016 xviii.
916 1978 970 2027 1-3,
983 1966 1059 2030 seq).

140 2091 226 2156 Erat
243 2091 408 2155 Dominus
424 2102 541 2155 noster
556 2090 724 2166 Salvator,
738 2093 794 2176 qui
812 2093 846 2156 in
863 2093 985 2156 Divina
1001 2113 1060 2156 sua
1076 2093 1256 2167 Trinitate,

138 2206 242 2271 quam
255 2196 325 2250 tres
336 2185 450 2268 angeli
466 2187 779 2267 repraesentabant,
793 2188 967 2270 apparuit;
990 2207 1069 2251 nam
1081 2188 1169 2252 dixit
1186 2188 1256 2253 Do-

141 2301 263 2357 minus,

190 2411 209 2435 “
217 2409 354 2460 Abrabam
365 2446 371 2459 .
384 2445 391 2458 .
403 2445 410 2459 .
422 2446 428 2459 .
440 2409 568 2458 exultavit
579 2417 609 2458 ut
620 2409 723 2459 videret
732 2410 802 2459 diem
817 2424 914 2464 meum.
926 2425 957 2458 ac
969 2411 1035 2460 vidit
1046 2419 1073 2460 et
1084 2412 1193 2473 gavisus
1204 2422 1253 2462 est.

370 2474 468 2533 Amen,
491 2488 579 2532 amen,
601 2475 662 2524 dico
682 2476 768 2533 vobis,
791 2474 949 2540 Priusquam
970 2475 1107 2526 Abraham
1128 2476 1177 2527 run
1199 2477 1256 2540 Ego

268 2555 328 2590 sum
336 2538 351 2559 ''
363 2539 437 2605 (Joh.
449 2540 504 2590 viii.
517 2540 556 2600 56,
570 2539 618 2601 58).

138 2666 204 2729 Est
227 2666 260 2729 in
280 2665 427 2728 Domino
447 2664 569 2728 Divina
588 2664 757 2743 Trinitas;
789 2674 825 2729 et
847 2666 971 2729 Divina
989 2666 1115 2731 Unitas
1137 2667 1170 2730 in
1193 2666 1253 2729 Di-

136 2761 216 2823 vina
243 2759 412 2822 Trinitate
439 2757 720 2841 repraesentata1'1
746 2770 799 2823 est
826 2781 886 2843 per
914 2765 1015 2824 “tres
1041 2759 1173 2837 Viros,”
1199 2763 1255 2844 qui

137 2854 242 2917 etiam
261 2851 340 2916 dieti
360 2863 439 2917 sunt

525 2940 542 2960 '⁴
551 2937 670 3001 Angeli”
681 2938 754 3000 (Gen.
768 2939 821 2990 xix.
835 2936 866 3001 1).

137 3066 178 3130 In
197 3064 320 3128 Divina
336 3073 451 3127 autem
470 3083 530 3126 sua
550 3063 694 3127 Unitate
713 3061 822 3127 didius
840 3073 894 3128 est

406 3203 423 3223 '¹
431 3199 572 3262 Adooajus
581 3198 595 3218 '³
607 3197 680 3260 (Gen.
692 3199 764 3249 xviii.
776 3211 807 3261 33
824 3214 882 3263 cap.
894 3200 946 3250 xix.
961 3201 1015 3263 18):

136 3277 174 3332 ut
193 3276 228 3331 et

188 3393 356 3460 “Jehovah”
365 3394 520 3458 (persaepe;
539 3389 624 3458 [vide]
637 3393 697 3443 Gen.
709 3393 781 3443 xviii.
796 3405 834 3454 13,
848 3406 886 3454 14,
901 3405 939 3455 17,
953 3407 990 3457 19,
1002 3406 1043 3454 ao,
1055 3406 1095 3453 aa,
1107 3395 1148 3455 26,
1160 3394 1210 3459 33).

136 3523 318 3606 Apparitio
338 3522 474 3585 Domini
493 3519 636 3603 Jehovih
656 3541 770 3585 coram
788 3520 885 3585 Mose
903 3523 1103 3587 describitur
1124 3524 1158 3587 in
1176 3523 1250 3588 Ex·

134 3622 205 3697 odo,
224 3623 290 3685 ita:

187 3743 338 3808 “Apparuit
346 3742 467 3804 Angelus
472 3741 592 3807 Jehovae
601 3741 674 3793 Mosi
681 3741 735 3793 ”ad
742 3752 862 3793 montem
870 3744 903 3793 ad
911 3743 1072 3803 Chorebum,
1083 3745 1251 3796 “inflamma

265 3809 335 3871 ignis
347 3823 362 3856 e
375 3808 462 3856 medio
474 3809 540 3858 rubi.
578 3845 603 3858 ..
616 3846 622 3858 .
635 3845 641 3858 .
679 3807 752 3858 Dixit
764 3809 852 3872 itaque
865 3808 965 3867 Moses,
978 3810 1104 3860 Secedarn
1116 3820 1143 3861 et
1155 3812 1250 3862 videbo

264 3874 395 3923 visionem
408 3887 533 3934 maguam
545 3873 622 3930 hanc,
637 3888 684 3923 cur
701 3888 755 3922 non
767 3875 931 3923 comburitur
947 3878 1036 3925 rubus.
1074 3875 1108 3925 Et
1124 3877 1191 3927 vidit
1207 3876 1251 3941 Je-

264 3939 352 3990 hovah
365 3938 436 4002 quod
447 3938 583 3988 secederet
608 3940 642 3988 ad
653 3935 828 4023 videndum];
845 3940 905 3991 ideo
918 3941 1042 3990 clamavit
1053 3941 1087 3990 ad
1099 3956 1160 3990 eum
1177 3941 1250 3992 Deus

264 4005 380 4055 emedio
392 4004 459 4059 rubi,
473 4013 501 4052 et
512 4004 586 4061 dixit,
632 4019 688 4062 ose,
704 4003 801 4054 Mose!
930 4005 963 4054 Et
976 4021 1065 4068 porro,
1076 4007 1143 4056 dixit
1156 4006 1249 4057 Moses

265 4071 299 4120 ad
318 4070 414 4127 Deum,
431 4069 599 4133 “Quodnam
619 4084 718 4118 nornen
736 4069 843 4120 Tuum?
860 4071 1006 4120 ....Dixit
1019 4070 1092 4121 Deus
1094 4108 1177 4130 .....
1189 4072 1249 4122 Suu

263 4147 312 4194 our
330 4136 399 4185 Suu.
541 4135 584 4183 Sic
601 4135 672 4184 dices
690 4135 751 4183 filiis
769 4134 885 4195 Israelis,
905 4134 966 4186 Suu
984 4137 1056 4186 misit
1074 4137 1160 4187 mend
1177 4137 1248 4187 vos”

263 4201 356 4265 (Exod,
367 4201 402 4251 iii.
416 4196 467 4264 [1,]
478 4212 534 4261 2-4,
544 4214 611 4264 seq„
624 4212 662 4261 14,
672 4199 749 4264 seq).

134 4324 315 4406 Apparitio
335 4326 473 4388 Domini
493 4324 638 4406 Jehovih
663 4344 777 4388 coram
801 4334 878 4389 toto
901 4325 1031 4409 Populo
1049 4326 1247 4393 describitur

133 4420 238 4484 etiam
256 4420 289 4482 in
308 4419 438 4496 Exodo,
457 4420 523 4483 ita:
