2776 5040
144 432 185 515 ³8
554 446 606 498 os:
627 445 860 499 chamaam.

140 634 202 681 sua
225 623 328 690 sorte,
344 624 380 679 et
401 613 481 679 iacit
503 635 588 697 opus
610 635 672 697 pro
692 615 849 697 proximo
863 615 951 680 sicut
972 636 1037 699 pro
1050 627 1173 695 semet,
1188 617 1253 702 quia

140 718 234 774 amat
249 729 287 773 se
302 719 337 773 et
353 708 496 773 illumin
511 709 665 773 iaciendo
681 730 765 791 opus
780 729 886 786 suum,
902 710 936 774 in
952 712 1025 792 pari
1039 712 1159 794 gradu.

144 878 212 946 [ld]
241 877 359 932 Civitas
370 878 442 947 opud
452 878 566 932 colom

204 994 325 1060 Coloni
343 1015 402 1059 seu
419 994 590 1078 agricolae
612 1005 648 1059 et
664 997 835 1071 vinitores,
852 997 879 1060 si
901 993 1060 1078 spectant
1076 998 1122 1062 ad
1144 997 1253 1061 Domi·

140 1108 220 1153 num
230 1098 265 1153 et
275 1089 405 1171 fugiunt
418 1088 507 1152 mala
519 1100 554 1153 ut
567 1102 720 1171 peccata,
731 1100 766 1154 et
776 1110 860 1170 opus
872 1110 966 1154 suum
976 1093 1120 1166 sincere,
1127 1091 1214 1173 juste
1223 1101 1254 1154 et

139 1182 284 1247 fideliter
299 1183 436 1258 faciunt,
452 1181 536 1247 fiunt
553 1183 737 1247 charitates
753 1186 864 1267 quoad
877 1186 1012 1267 spiritus
1028 1205 1120 1260 suos,
1136 1194 1172 1249 et
1184 1193 1254 1266 post

139 1287 285 1341 mortem
297 1275 376 1340 dum
388 1276 472 1341 fiunt
488 1277 634 1358 spiritus,
648 1279 680 1340 in
693 1278 799 1341 forma
810 1279 1091 1353 charitatis-sunt,
1105 1288 1141 1343 et
1157 1278 1255 1342 forma

139 1370 197 1433 illa
210 1380 263 1434 est
278 1370 384 1434 forma
398 1370 555 1445 humana,
569 1372 602 1434 in
618 1392 684 1453 qua
699 1381 776 1435 sunt
789 1391 907 1436 omnes
923 1381 1001 1453 post
1014 1381 1172 1436 mortem.
1214 1372 1255 1436 Il·

139 1464 162 1526 li
178 1463 289 1528 coloni
315 1464 402 1528 tales
417 1475 559 1546 surgunt
575 1485 684 1538 mane,
698 1466 854 1528 ordinant
867 1484 961 1546 opus,
973 1465 1176 1546 impendunt
1190 1475 1255 1529 stu·

139 1557 230 1620 dium
246 1558 352 1622 labori
367 1578 438 1634 suo,
455 1559 587 1641 impigri
609 1559 642 1621 in
665 1577 777 1638 opere,
793 1568 830 1623 et
853 1558 933 1622 laeti
954 1579 1000 1621 ex
1023 1578 1138 1640 opere.
1182 1559 1256 1624 Post

139 1670 235 1733 opus,
252 1661 330 1716 sunt
353 1653 541 1726 oeconomi,
558 1652 669 1725 sobrii,
686 1650 825 1733 vigiles;
857 1652 949 1716 domi
971 1671 1048 1715 cum
1072 1654 1141 1716 suis
1156 1661 1256 1736 agunt

139 1764 185 1808 ex
197 1743 299 1826 justo,
316 1746 394 1810 soris
409 1765 486 1810 cum
501 1746 574 1809 aliis
588 1763 634 1809 ex
651 1747 802 1823 sincero;
826 1742 983 1827 speetant
1000 1744 1096 1828 leges
1111 1746 1255 1827 justitiae

138 1838 264 1915 civiles,
277 1839 392 1922 quales
406 1849 484 1904 sunt
501 1839 676 1921 Decalogi,
689 1850 726 1903 ut
743 1839 893 1914 Divinas,
905 1850 941 1902 et
956 1848 1108 1903 servant.
1146 1840 1255 1923 Agros

138 1952 216 1996 suos
231 1942 267 1997 et
279 1933 395 1997 vineas
410 1954 487 1997 suas
500 1943 627 2008 amant,
640 1935 717 2015 quia
729 1943 923 2015 proventus
935 1952 975 1997 ac
988 1943 1177 2013 proventus
1186 1935 1254 2018 quia

138 2037 218 2091 sunt
233 2024 496 2103 benedictiones,
513 2037 549 2092 et
572 2028 700 2110 gratias
722 2037 829 2110 agunt
845 2027 1005 2104 Domino,
1021 2029 1122 2092 etsie
1136 2026 1255 2111 jugiter

138 2116 296 2202 spectant
312 2121 355 2184 ad
371 2121 565 2185 Dominum.

140 2289 204 2355 [11.]
233 2289 351 2343 cherilus
361 2291 431 2358 apud
446 2291 595 2344 naucleros.

200 2406 368 2482 Naucleri,
392 2409 510 2489 quibus
534 2427 637 2471 naves
659 2416 694 2472 et
726 2427 856 2471 merces
889 2409 921 2472 in
952 2406 1019 2470 illis
1042 2409 1251 2473 concreditae

137 2512 225 2576 sunt,
237 2511 295 2564 aut
311 2500 394 2583 [qui]
409 2502 583 2581 possident
599 2501 684 2579 illas,
700 2501 783 2564 fiunt
796 2503 899 2564 etiam
912 2503 1110 2577 charitates,
1123 2504 1152 2566 si
1162 2522 1250 2584 spec·

136 2604 212 2658 tant
223 2595 266 2657 ad
277 2595 470 2670 Dominum,
481 2606 518 2658 et
532 2596 663 2677 lugiunt
674 2596 762 2659 mala
773 2607 809 2658 ut
820 2606 971 2676 peccata,
982 2606 1018 2659 et
1035 2596 1164 2660 faciunt
1174 2615 1250 2678 opus

135 2708 232 2751 suum
255 2689 394 2766 sincere,
413 2687 502 2769 juste
526 2700 560 2753 et
584 2688 738 2753 fideliter.
784 2688 878 2770 Opus
901 2689 1033 2752 illorum
1057 2699 1113 2754 est
1132 2691 1250 2754 bonum

136 2803 213 2844 usus
229 2802 308 2862 prae
325 2783 439 2846 multis
455 2783 537 2857 aliis,
554 2785 631 2865 quia
647 2803 706 2863 per
721 2784 754 2846 id
777 2782 813 2846 fit
830 2784 1093 2847 communicatio
1110 2796 1145 2848 et
1162 2783 1250 2867 quasi

135 2873 337 2956 conjundiio,
354 2878 460 2940 totius
475 2878 564 2940 orbis
588 2897 663 2940 cum
687 2878 837 2957 partibus
853 2876 932 2957 ejus,
950 2886 985 2940 et
1008 2879 1157 2957 partium
1180 2897 1249 2943 cum

135 2980 212 3034 toto
226 2991 234 3048 ;
253 2981 288 3034 et
305 2971 368 3034 hoc
382 2971 558 3034 excellens
571 2991 655 3052 opus
666 2970 703 3034 fit
719 2972 845 3033 bonum
858 2991 946 3044 usuS,
957 2972 1048 3053 quod
1065 2982 1119 3035 est
1130 2973 1249 3036 bonum

135 3065 310 3127 charitatis
326 3065 359 3127 in
380 3064 455 3141 illis,
471 3065 551 3127 dum
574 3086 619 3128 ex
643 3067 784 3128 scientia
806 3085 865 3127 sua
888 3065 1072 3146 prudenter
1088 3075 1207 3147 agunt,
1222 3067 1249 3128 in

135 3157 249 3239 vigilia
264 3167 299 3220 et
316 3158 499 3222 sobrietate
511 3169 638 3221 navant
654 3178 791 3239 operam
808 3169 844 3221 ut
860 3158 924 3221 iter
933 3158 1107 3233 succedat,
1122 3179 1191 3222 non
1205 3168 1250 3222 te·

135 3270 226 3314 mere
245 3271 281 3314 se
300 3263 477 3331 exponunt
496 3253 751 3329 discriminibus,
772 3253 850 3315 dum
875 3253 908 3313 in
932 3250 997 3313 illis
1017 3261 1097 3312 sunt
1123 3273 1169 3315 ex
1187 3271 1249 3316 non

135 3344 270 3424 proviso
286 3365 353 3407 non
370 3345 583 3426 despondent
600 3348 758 3420 animum,
776 3345 859 3408 salvi
875 3355 952 3425 post
969 3339 1061 3406 milla
1081 3344 1201 3409 laudes
1215 3365 1251 3410 ac

135 3439 262 3518 gratias
278 3449 385 3520 agunt
409 3439 575 3516 Domino;
596 3439 685 3520 juste
703 3451 738 3502 et
762 3441 891 3502 sincere
907 3458 983 3500 cum
1007 3439 1119 3500 nautis
1136 3449 1251 3520 agunt,

135 3530 279 3594 fideliter
295 3552 371 3596 cum
387 3534 636 3612 possessoribus
652 3535 758 3609 naviS,
770 3533 859 3613 juste
876 3551 951 3594 cum
967 3533 1095 3594 exteris
1110 3533 1154 3594 ad
1170 3553 1256 3616 quos

134 3624 275 3706 appellit
286 3628 380 3688 navis
392 3649 399 3704 ;
418 3647 494 3690 cum
505 3629 621 3707 piratis
632 3627 758 3689 nullam
771 3637 897 3688 sortem
911 3625 1037 3688 habent
1051 3647 1058 3700 ;
1078 3628 1254 3708 stipendiis

134 3720 201 3780 suis
216 3721 369 3782 contenti
386 3732 473 3797 sunt,
486 3732 521 3783 et
537 3722 672 3801 insuper
688 3720 787 3783 lucris
803 3742 846 3782 ex
865 3719 968 3781 licito.
1013 3717 1067 3780 Illi
1083 3722 1139 3800 qui
1155 3741 1254 3802 super

135 3814 218 3876 mari
231 3825 417 3887 versantur,
435 3817 490 3896 qui
506 3815 690 3877 charitates
706 3825 795 3890 sunt,
811 3815 886 3895 quia
902 3809 1058 3892 spei‘tant
1074 3813 1119 3875 ad
1136 3814 1254 3878 Domi·

134 3926 224 3983 num,
239 3919 273 3970 et
290 3908 420 3988 fugiunt
438 3909 526 3971 mala
539 3919 575 3971 ut
592 3920 743 3989 peccata,
755 3920 789 3971 et
803 3928 886 3988 opus
898 3927 993 3969 suum
1009 3908 1151 3981 sincere,
1164 3907 1253 3989 juste

134 4011 168 4062 et
179 3999 323 4064 fideliter
333 4013 449 4082 agunt,
463 4003 617 4065 devotius
628 4013 726 4065 orant
737 4012 771 4064 et
785 4000 933 4082 psallunt
945 4019 1043 4062 mane
1053 4010 1089 4062 et
1100 4021 1252 4082 vespere,

133 4113 233 4174 quam
249 4096 304 4177 qui
327 4116 426 4176 super
441 4097 533 4158 arida
556 4107 752 4171 versantur;
776 4094 883 4158 fidunt
906 4095 994 4156 enim
1011 4112 1091 4173 prae
1114 4094 1167 4157 his
1193 4095 1253 4159 Di·

133 4189 230 4250 vinae
244 4189 486 4252 Providentiae.
522 4189 671 4253 Consulo
681 4190 892 4252 versantibus
909 4208 1007 4268 super
1020 4189 1102 4250 mari
1119 4200 1156 4251 ut
1173 4197 1253 4269 post

133 4281 197 4343 hoc
211 4294 309 4345 orent
322 4284 364 4345 ad
380 4283 571 4360 Dominum,
585 4286 671 4366 quia,
686 4283 762 4364 lpse
775 4294 828 4345 est
843 4283 933 4345 Deus
946 4279 1031 4344 coeli
1047 4291 1082 4343 et
1096 4291 1208 4345 terrae
1218 4290 1252 4345 et

132 4376 242 4452 maris,
252 4386 287 4439 et
301 4397 367 4439 non
382 4377 467 4441 alius
485 4376 626 4460 1¹¹(J0h,
640 4379 692 4456 iii,
703 4393 719 4457 3
725 4392 739 4458 5
753 4399 761 4455 ;
780 4378 870 4452 xvii,
886 4392 941 4453 123
967 4374 1104 4449 Mutela,
1115 4376 1174 4452 xi,
1185 4374 1251 4459 27).
