2776 5040
366 481 416 530 DE
439 481 576 531 DIVINA
598 480 819 533 TRINITATE.
1113 483 1152 551 57

115 669 128 714 ’.
162 648 263 731 Quod
286 650 456 713 Divinitas
485 660 566 713 ante
590 651 751 713 mundum
778 658 941 727 creatum,
965 650 1152 714 secundum

115 744 228 808 cilium
257 744 445 807 Nicaenum
473 755 507 807 et
535 745 697 808 ecclesias
724 754 803 826 post
831 742 925 818 illud,
948 744 1079 807 credita
1106 745 1150 807 sit

115 849 195 903 itare
211 861 255 901 ex
276 839 381 901 tribus
395 839 559 912 Personis,
577 858 717 920 quarum
734 839 939 921 unaquaevis
955 848 1028 902 erat
1045 838 1150 913 Deus,

116 935 182 997 uod
204 954 225 997 a
247 935 354 1016 prima
377 934 524 998 Persona
543 943 625 997 nata
648 935 693 997 sit
716 935 876 1007 secunda,
894 942 930 998 et
953 953 998 996 cx
1022 933 1152 996 duabus

124 1029 269 1092 exiverit
293 1029 404 1102 tertia,
425 1047 493 1090 non
517 1028 621 1090 modo
644 1038 697 1091 est
720 1048 821 1108 supra
848 1025 1061 1092 intelleRum
1090 1026 1151 1090 sed

115 1141 140 1185 n
157 1132 277 1186 contra
293 1121 397 1194 illum,
409 1132 445 1185 et
461 1121 545 1185 fides
561 1122 726 1203 paradoxi
738 1122 828 1203 quod
845 1131 898 1184 est
911 1132 1032 1185 contra
1044 1122 1150 1185 ratio·

130 1213 332 1280 intelledtus.
371 1215 436 1279 Est
452 1214 536 1278 fides
551 1217 584 1277 in
601 1236 667 1297 qua
683 1234 751 1278 non
767 1215 891 1297 aliquid
905 1214 1070 1279 ecclesiae
1086 1224 1151 1288 est,

115 1319 168 1373 est
186 1311 357 1392 persuasio
379 1308 453 1372 salsi
472 1330 558 1391 quae
577 1319 612 1371 et
632 1308 741 1390 qualis
763 1310 863 1372 detur
882 1310 972 1390 apud
995 1308 1072 1372 illos
1095 1309 1151 1392 qui

115 1405 207 1466 niunt
237 1405 271 1466 in
300 1404 487 1485 religiosis3
518 1403 578 1466 sed
607 1424 710 1484 usque
740 1402 892 1465 insanire
920 1403 956 1465 in
982 1402 1152 1484 religiosis

115 1517 181 1560 non
204 1498 326 1561 dicitur
349 1498 391 1560 de
414 1497 480 1559 illis
507 1498 562 1579 qui
586 1516 654 1559 non
678 1498 795 1560 vident
827 1494 1093 1560 contradidtoria
1115 1506 1151 1560 et

118 1592 204 1654 raria
221 1590 413 1672 Scripturae
433 1590 567 1665 Sacrae,
581 1600 617 1654 et
631 1600 747 1654 tamen
761 1591 904 1654 credunt
920 1590 998 1668 illa;
1022 1591 1069 1654 ita
1083 1609 1151 1652 non

115 1684 254 1748 {oncilio
279 1685 441 1759 Nicaeno‚
467 1705 528 1748 nec
556 1685 599 1748 de
628 1685 782 1749 ecclesiis
804 1695 884 1767 post
907 1684 989 1747 illud
1013 1684 1057 1748 ab
1079 1682 1150 1761 illo,

129 1799 198 1841 non
215 1779 381 1842 viderunt.

373 2293 531 2359 cneus
559 2292 814 2376 Quantum

115 2546 147 2596 u>
178 2530 365 2594 Tnmmas
393 2531 465 2594 Dm
495 2544 586 2594 rosc
616 2545 783 2595 uunouu
813 2543 996 2594 casarum
1027 2541 1152 2593 sacra

160 2638 229 2699 sm,
254 2638 302 2688 ar
332 2638 576 2689 acroamate
603 2639 644 2688 m
668 2636 928 2688 mamruoma
950 2635 1151 2696 rempotus,

163 2733 211 2782 ετ
234 2733 334 2783 Tunc
354 2732 395 2781 m
419 2720 502 2783 Deo
526 2719 766 2794 Incannaro,
791 2730 942 2795 Qu1ssr
962 2717 1151 2791 Domnus,

162 2812 368 2877 Sacvnron
385 2813 495 2895 Jusus
515 2813 714 2877 Cflnrsrus.

119 3043 126 3058 .
158 2992 259 3076 Quod
278 2994 429 3057 Trinitas
449 2994 512 3057 Dei
531 3004 613 3058 ante
637 2994 799 3057 mundum
823 3002 974 3057 creatum
998 3012 1066 3055 non
1089 3013 1152 3055 ex·

115 3090 173 3163 rit,
191 3108 253 3152 nec
278 3090 426 3170 potuerit
449 3090 622 3164 existere;
646 3099 720 3151 tum
744 3087 834 3169 quod
856 3089 925 3150 sint
948 3087 1013 3149 tria
1035 3106 1152 3149 essen-

115 3203 129 3245 ι
143 3185 239 3245 unius
253 3184 421 3245 Personae
434 3184 467 3244 in
482 3183 557 3246 Deo
571 3182 732 3256 Homine,
744 3203 789 3273 ex
805 3181 925 3263 quibus
938 3180 1153 3262 praedicatur

120 3278 185 3341 itas
205 3277 279 3350 Dei,
297 3297 397 3358 supra
412 3287 590 3339 ostensum
607 3286 671 3340 est.

119 3420 127 3434 .
158 3369 259 3451 Quod
284 3371 376 3434 Deus
403 3381 440 3433 ut
465 3370 616 3434 Verbum
643 3373 676 3434 in
709 3370 871 3433 mundum
895 3369 1036 3443 venerit,
1060 3378 1096 3433 et
1120 3369 1152 3431 in

115 3465 145 3528 ia
167 3463 310 3546 Virgine
336 3466 556 3545 assumpserit
583 3464 789 3537 Humanum,
814 3473 849 3526 et
871 3463 962 3546 quod
990 3460 1152 3527 Sandtum

135 3568 256 3621 natum
279 3560 323 3621 sit
343 3568 502 3620 vocatum
525 3558 659 3621 “Filius
684 3557 884 3632 Altissimi,”
900 3557 1034 3620 “Filius
1058 3557 1153 3632 Dei,”

115 3654 171 3715 ‚ius
193 3651 429 3733 Unigenitus,”
448 3673 492 3714 ex
517 3651 633 3714 Verbo
656 3651 777 3715 Veteri
800 3652 856 3717 ubi
878 3651 1092 3733 praedicitur,
1116 3661 1152 3715 et

115 3744 131 3807 J
133 3745 215 3808 erbo
234 3744 335 3808 Novo
354 3745 408 3808 ubi
428 3745 638 3817 describitur,
657 3757 776 3809 notum
793 3755 856 3809 est.
1083 3816 1085 3820 ³

119 3888 127 3901 .
159 3838 244 3903 Cum
263 3841 379 3922 itaque
403 3839 495 3902 Deus
513 3839 723 3913 Altissimus,
741 3840 796 3921 qui
811 3848 865 3902 est
885 3839 997 3914 Pater,
1013 3859 1073 3921 per
1092 3839 1152 3903 Di·

116 3953 149 3997 m
168 3952 265 3996 suum
286 3934 484 4016 procedens,
502 3933 593 4015 quod
613 3944 666 3996 est
683 3932 826 4013 Spiritus
845 3931 1000 4007 Sandtus,
1020 3934 1054 3997 in
1073 3932 1152 3998 Vir·

133 4027 241 4091 Maria
265 4029 422 4108 concepit
446 4027 654 4097 Humanum,
671 4029 822 4110 sequitur
839 4028 930 4110 quod
954 4027 1152 4091 Humanum

115 4122 318 4203 onceptione
331 4120 389 4183 illa
405 4131 523 4183 natum
540 4122 583 4183 sit
605 4121 720 4195 Filius,
731 4131 767 4185 et
784 4121 942 4183 Divinum
956 4121 1152 4203 concipiens

115 4217 209 4290 'aten
228 4225 264 4278 et
281 4215 370 4297 quod
390 4225 569 4298 utrumque
588 4212 687 4277 simul
706 4216 751 4278 sit
769 4213 935 4277 Dominus
959 4214 1052 4277 Deus
1075 4212 1151 4279 Sal·

115 4330 134 4373 r
151 4309 248 4390 Jesus
266 4307 432 4382 Christus,
451 4308 544 4370 Deus
560 4317 595 4370 et
614 4307 739 4371 Homo.

115 4451 125 4467 .
159 4401 317 4486 Sequitur
330 4402 435 4466 etiam
451 4403 542 4483 quod
562 4402 721 4465 Divinum
731 4401 870 4477 Verum,
888 4402 978 4484 quod
994 4411 1047 4465 est
1061 4400 1151 4466 Ver·
