2776 5040
326 485 376 540 aa·
397 487 483 557 usus
503 487 703 542 noemam
724 489 998 544 caenam-u.
1013 478 1085 562 ²⁶9
1212 492 1272 567 ¹⁵⁵

660 1013 768 1098 [xxa]

470 1255 545 1332 DE
579 1255 957 1332 PROVIDENTIA.

140 1606 453 1945 RGIMEN
472 1674 610 1738 Domini
628 1674 662 1738 in
681 1673 785 1739 caelis
803 1684 839 1739 et
858 1675 892 1738 in
911 1675 1010 1740 terris
1025 1687 1168 1741 vocatur
1187 1676 1269 1746 Pro·

319 1769 491 1848 videntia;
523 1778 560 1833 et
582 1770 660 1852 quia
688 1788 789 1833 omne
817 1769 943 1833 bonum
970 1770 1060 1852 quod
1085 1773 1209 1835 amoris
1232 1778 1269 1836 et

320 1883 422 1928 omne
444 1883 562 1928 verum
585 1864 675 1947 quod
701 1863 788 1939 fidei,
809 1885 854 1928 ex
881 1864 1001 1947 quibus
1023 1863 1126 1938 salus,
1145 1874 1200 1929 est
1225 1865 1270 1930 ab

322 1958 413 2041 Ipso,
427 1968 462 2022 et
482 1978 622 2041 prorsus·
636 1956 719 2021 nihil
737 1958 782 2020 ab
800 1957 947 2033 homine,
964 1958 1042 2022 inde
1061 1969 1158 2041 patet
1177 1959 1269 2043 quod

134 2042 277 2115 Divina
295 2053 510 2135 providentia
529 2052 667 2116 Domini
683 2053 726 2116 sit
743 2052 776 2114 in
795 2052 951 2116 omnibus
969 2062 1004 2116 et
1024 2051 1166 2134 singulis
1181 2074 1269 2136 quae

130 2148 192 2210 ad
210 2147 359 2211 salutem
371 2148 506 2229 generis
522 2146 659 2210 humani
671 2146 877 2210 conducunt.
919 2145 996 2211 Hoc
1013 2147 1061 2209 ita
1073 2147 1178 2211 docet
1194 2147 1268 2215 Do·

130 2243 263 2307 minus
281 2241 370 2324 apud
386 2239 587 2316 Johannem,

405 2386 420 2410 u
428 2383 486 2449 Ego
498 2399 559 2436 mm
570 2385 634 2444 uia„
644 2385 763 2444 meritas,
776 2395 803 2436 et
814 2385 890 2437 vita”
901 2384 964 2449 (xiV·
974 2386 1015 2448 6);

122 2511 182 2568 et
204 2501 298 2577 alibi,

197 2614 457 2680 “Quemadmodum
469 2617 573 2680 palmes
585 2631 640 2666 non
653 2624 742 2679 potest
751 2613 867 2666 frustum
879 2617 950 2667 ierre
961 2631 978 2666 a
989 2632 1019 2667 se
1028 2619 1087 2682 ipso
1097 2619 1149 2669 nisi
1161 2633 1269 2671 manse-

282 2681 317 2731 rit
334 2682 361 2731 iu
376 2683 438 2740 vite.
453 2682 491 2731 ita
508 2677 619 2747 [neque]
635 2695 692 2740 vos,
705 2682 756 2731 uisi
774 2682 801 2731 in
818 2680 863 2732 Me
881 2682 1170 2734 manseritisz....nisi
1187 2700 1205 2734 a
1221 2684 1267 2736 Me

282 2761 336 2796 uon
349 2748 463 2810 potestis
474 2747 562 2798 iacere
574 2748 714 2812 quicquum
724 2747 739 2767 '¹
750 2748 803 2808 (xv.
815 2761 839 2808 4,
853 2748 885 2810 5).

208 2895 309 2962 2⁶8.
338 2895 560 2960 Providentia
585 2895 711 2960 Divina
732 2896 874 2960 Domini
896 2907 949 2960 est
972 2897 1087 2980 quoad
1110 2895 1266 2979 singula·

114 2988 283 3052 tissima
297 2989 389 3051 vitae
404 2987 571 3067 hominis;
594 3006 673 3051 nam
690 2998 827 3053 nonest
846 2989 910 3052 nisi
927 3008 1028 3071 quam
1045 2989 1162 3053 unicus
1174 2989 1266 3055 vitae

114 3076 236 3157 sons,
257 3083 312 3165 qui
331 3092 385 3146 est
405 3082 580 3156 Dominus,
595 3102 615 3145 a
633 3102 700 3164 quo
717 3101 842 3157 sumus,
862 3083 1016 3158 vivimus,
1036 3093 1072 3147 et
1091 3084 1235 3166 agimus.

208 3185 312 3266 269·
341 3185 407 3267 Qui
430 3206 476 3249 ex
500 3185 681 3249 mundanis
709 3186 867 3266 cogitant
891 3186 934 3249 de
957 3185 1175 3267 providentia
1202 3185 1265 3250 Di·

113 3280 240 3351 vina,
260 3278 470 3342 concludunt
493 3299 538 3342 ex
560 3277 627 3341 illis
649 3278 739 3360 quod
767 3277 825 3341 illa
851 3278 895 3341 sit
923 3277 1026 3340 modo
1055 3278 1263 3354 universalis,

116 3383 182 3440 et
203 3371 295 3454 quod
314 3371 497 3453 singularia
516 3373 584 3435 sint
600 3371 689 3455 apud
709 3371 902 3450 hominem;
925 3372 985 3435 sed
1005 3370 1052 3434 illi
1069 3391 1137 3435 non
1152 3373 1265 3437 sciunt

116 3480 275 3530 arcana
298 3465 394 3541 caeli,
415 3465 624 3530 concludunt
647 3467 737 3530 enim
760 3465 870 3529 solum
893 3486 938 3529 ex
962 3466 1132 3529 amoribus
1154 3465 1205 3529 sui
1228 3475 1265 3531 et

119 3561 278 3634 mundi,
299 3570 334 3624 et
363 3579 479 3624 eorum
502 3560 756 3643 voluptatibus:
787 3580 889 3643 quare
912 3580 989 3624 cum
1012 3560 1131 3624 vident
1155 3560 1264 3623 malos

119 3654 259 3722 efferri
281 3654 324 3718 ad
351 3653 499 3718 honores
521 3663 557 3718 et
581 3654 701 3718 lucrari
724 3674 806 3736 opes
834 3675 914 3737 prae
943 3654 1052 3727 bonis,
1073 3663 1108 3717 et
1131 3674 1265 3736 quoque

120 3749 248 3815 {nalis
271 3749 452 3814 succedere
479 3748 664 3811 secundum
692 3757 794 3822 artes,
815 3748 917 3811 corde
942 3768 1004 3811 suo
1032 3748 1150 3811 dicunt
1173 3746 1265 3830 quod

120 3859 218 3909 lton
245 3843 295 3906 ita
317 3841 413 3906 fieret
439 3842 467 3905 si
494 3841 618 3905 Divina
640 3842 855 3925 providentia
877 3852 968 3906 esset
992 3842 1025 3905 in
1049 3841 1205 3905 omnibus
1227 3852 1264 3906 et

118 3937 310 4020 singulis;
325 3929 394 4000 'sed
412 3937 460 4000 illi
479 3956 547 4000 non
567 3936 784 4000 considerant
801 3937 891 4019 quod
910 3936 1124 4019 providentia
1141 3936 1265 4001 Divina
1290 3954 1299 3977 ·

121 4050 217 4098 mon
233 4029 367 4114 ερεᾶεῐ
383 4031 416 4095 id
432 4031 523 4114 quod
543 4030 636 4095 brevi
652 4032 785 4105 transit,
797 4040 833 4094 et
852 4029 953 4095 finem
973 4050 1049 4095 cum
1066 4031 1138 4094 vita
1153 4030 1264 4093 homi·
1351 4021 1356 4029 ’

122 4127 199 4191 tris
214 4127 249 4189 in
266 4125 392 4188 mundo
408 4125 524 4200 habet,
538 4125 599 4189 sed
618 4125 708 4207 quod
727 4121 860 4207 spettet
878 4124 911 4188 id
929 4125 1018 4208 quod
1037 4126 1070 4188 in
1086 4134 1263 4189 aeternum

124 4230 276 4294 manet,
292 4221 342 4283 ita
357 4220 448 4302 quod
464 4239 532 4283 non
548 4218 651 4283 finem
667 4218 782 4283 habet.
823 4217 925 4300 Quod
944 4238 1012 4282 non
1028 4217 1129 4283 finem
1145 4218 1262 4294 habet,

124 4310 181 4378 id
203 4324 278 4392 est;
306 4313 397 4397 quod
419 4324 536 4378 autem
558 4311 660 4376 finem
683 4312 799 4386 habet,
820 4312 853 4375 id
877 4309 1064 4394 respe8tive
1095 4331 1163 4375 non
1186 4320 1261 4375 est:

128 4407 281 4492 cogitet
303 4408 359 4492 qui
381 4416 508 4492 potest,
528 4425 609 4471 num
632 4416 770 4471 centum
793 4406 899 4471 millia
922 4423 1088 4470 annorum
1110 4405 1179 4469 sint
1197 4404 1262 4468 ali·
