<?xml version="1.0" encoding="UTF-8"?>
<!DOCTYPE html PUBLIC "-//W3C//DTD XHTML 1.0 Transitional//EN"
    "http://www.w3.org/TR/xhtml1/DTD/xhtml1-transitional.dtd">
<html xmlns="http://www.w3.org/1999/xhtml" xml:lang="en" lang="en">
 <head>
  <title>
</title>
<meta http-equiv="Content-Type" content="text/html;charset=utf-8" />
  <meta name='ocr-system' content='tesseract 3.04.00' />
  <meta name='ocr-capabilities' content='ocr_page ocr_carea ocr_par ocr_line ocrx_word'/>
</head>
<body>
  <div class='ocr_page' id='page_1' title='image "./denovahiersosol00swedgoog_0203.png"; bbox 0 0 2776 5040; ppageno 0'>
   <div class='ocr_carea' id='block_1_1' title="bbox 220 445 929 503">
    <p class='ocr_par' dir='ltr' id='par_1_1' title="bbox 220 445 929 503">
     <span class='ocr_line' id='line_1_1' title="bbox 220 445 929 503; baseline -0.006 0"><span class='ocrx_word' id='word_1_1' title='bbox 220 448 260 503; x_wconf 77' lang='lat'>10</span> <span class='ocrx_word' id='word_1_2' title='bbox 624 446 676 501; x_wconf 82' lang='lat' dir='ltr'>DE</span> <span class='ocrx_word' id='word_1_3' title='bbox 697 445 929 499; x_wconf 79' lang='lat' dir='ltr'>CHARITATE.</span> 
     </span>
    </p>
   </div>
   <div class='ocr_carea' id='block_1_2' title="bbox 214 611 1343 962">
    <p class='ocr_par' dir='ltr' id='par_1_2' title="bbox 214 611 1343 962">
     <span class='ocr_line' id='line_1_2' title="bbox 216 611 1343 699; baseline 0 -18"><span class='ocrx_word' id='word_1_4' title='bbox 216 616 276 681; x_wconf 85' lang='lat' dir='ltr'>det</span> <span class='ocrx_word' id='word_1_5' title='bbox 299 615 390 699; x_wconf 85' lang='lat' dir='ltr'>quod</span> <span class='ocrx_word' id='word_1_6' title='bbox 412 615 638 699; x_wconf 86' lang='lat' dir='ltr'>impoenitens</span> <span class='ocrx_word' id='word_1_7' title='bbox 659 616 704 681; x_wconf 87' lang='lat' dir='ltr'>sit</span> <span class='ocrx_word' id='word_1_8' title='bbox 725 614 854 695; x_wconf 82' lang='lat' dir='ltr'>malus3</span> <span class='ocrx_word' id='word_1_9' title='bbox 880 624 916 680; x_wconf 91' lang='lat' dir='ltr'>et</span> <span class='ocrx_word' id='word_1_10' title='bbox 938 614 1011 698; x_wconf 86' lang='lat' dir='ltr'>quis</span> <span class='ocrx_word' id='word_1_11' title='bbox 1038 634 1107 679; x_wconf 89' lang='lat' dir='ltr'>non</span> <span class='ocrx_word' id='word_1_12' title='bbox 1129 611 1224 680; x_wconf 86' lang='lat' dir='ltr'>videt</span> <span class='ocrx_word' id='word_1_13' title='bbox 1245 614 1343 698; x_wconf 81' lang='lat' dir='ltr'><strong>quod</strong></span> 
     </span>
     <span class='ocr_line' id='line_1_3' title="bbox 216 709 1342 793; baseline 0 -20"><span class='ocrx_word' id='word_1_14' title='bbox 216 709 324 774; x_wconf 84' lang='lat' dir='ltr'>malus</span> <span class='ocrx_word' id='word_1_15' title='bbox 339 730 408 774; x_wconf 88' lang='lat' dir='ltr'>non</span> <span class='ocrx_word' id='word_1_16' title='bbox 430 711 555 775; x_wconf 89' lang='lat' dir='ltr'>habeat</span> <span class='ocrx_word' id='word_1_17' title='bbox 575 710 796 787; x_wconf 66' lang='lat' dir='ltr'>charitatem</span> <span class='ocrx_word' id='word_1_18' title='bbox 819 720 856 774; x_wconf 89' lang='lat' dir='ltr'>et</span> <span class='ocrx_word' id='word_1_19' title='bbox 878 711 951 792; x_wconf 87' lang='lat' dir='ltr'>quis</span> <span class='ocrx_word' id='word_1_20' title='bbox 967 728 1035 774; x_wconf 89' lang='lat' dir='ltr'>non</span> <span class='ocrx_word' id='word_1_21' title='bbox 1049 710 1144 774; x_wconf 89' lang='lat' dir='ltr'>videt</span> <span class='ocrx_word' id='word_1_22' title='bbox 1167 710 1257 792; x_wconf 87' lang='lat' dir='ltr'>quod</span> <span class='ocrx_word' id='word_1_23' title='bbox 1281 711 1342 793; x_wconf 86' lang='lat' dir='ltr'>qui</span> 
     </span>
     <span class='ocr_line' id='line_1_4' title="bbox 216 803 1343 887; baseline 0 -20"><span class='ocrx_word' id='word_1_24' title='bbox 216 823 283 867; x_wconf 87' lang='lat' dir='ltr'>non</span> <span class='ocrx_word' id='word_1_25' title='bbox 299 804 502 868; x_wconf 83' lang='lat' dir='ltr'>charitatem</span> <span class='ocrx_word' id='word_1_26' title='bbox 514 805 628 880; x_wconf 85' lang='lat' dir='ltr'>habet,</span> <span class='ocrx_word' id='word_1_27' title='bbox 644 803 742 887; x_wconf 88' lang='lat' dir='ltr'>[non]</span> <span class='ocrx_word' id='word_1_28' title='bbox 760 805 869 885; x_wconf 90' lang='lat' dir='ltr'>possit</span> <span class='ocrx_word' id='word_1_29' title='bbox 883 803 992 868; x_wconf 80' lang='lat' dir='ltr'>facere</span> <span class='ocrx_word' id='word_1_30' title='bbox 1008 803 1210 867; x_wconf 81' lang='lat' dir='ltr'>charitatem</span> <span class='ocrx_word' id='word_1_31' title='bbox 1223 824 1231 882; x_wconf 89' lang='lat'><strong>;</strong></span> <span class='ocrx_word' id='word_1_32' title='bbox 1256 804 1343 867; x_wconf 89' lang='lat' dir='ltr'>cha·</span> 
     </span>
     <span class='ocr_line' id='line_1_5' title="bbox 214 897 828 962; baseline 0.002 -2"><span class='ocrx_word' id='word_1_33' title='bbox 214 897 297 961; x_wconf 89' lang='lat' dir='ltr'>ritas</span> <span class='ocrx_word' id='word_1_34' title='bbox 313 897 376 961; x_wconf 90' lang='lat' dir='ltr'>erit</span> <span class='ocrx_word' id='word_1_35' title='bbox 392 918 437 961; x_wconf 84' lang='lat' dir='ltr'>ex</span> <span class='ocrx_word' id='word_1_36' title='bbox 449 897 616 962; x_wconf 87' lang='lat' dir='ltr'><strong>charitate</strong></span> <span class='ocrx_word' id='word_1_37' title='bbox 631 899 665 961; x_wconf 92' lang='lat' dir='ltr'>in</span> <span class='ocrx_word' id='word_1_38' title='bbox 681 898 828 961; x_wconf 89' lang='lat' dir='ltr'>homine.</span> 
     </span>
    </p>
   </div>
   <div class='ocr_carea' id='block_1_3' title="bbox 214 1086 1346 1547">
    <p class='ocr_par' dir='ltr' id='par_1_3' title="bbox 214 1086 1344 1265">
     <span class='ocr_line' id='line_1_6' title="bbox 277 1086 1344 1171; baseline 0.002 -21"><span class='ocrx_word' id='word_1_39' title='bbox 277 1087 307 1151; x_wconf 93' lang='lat'>6.</span> <span class='ocrx_word' id='word_1_40' title='bbox 338 1087 396 1150; x_wconf 89' lang='lat' dir='ltr'>Ad</span> <span class='ocrx_word' id='word_1_41' title='bbox 419 1086 520 1152; x_wconf 84' lang='lat' dir='ltr'>finem</span> <span class='ocrx_word' id='word_1_42' title='bbox 536 1087 716 1152; x_wconf 82' lang='lat' dir='ltr'>afferantur</span> <span class='ocrx_word' id='word_1_43' title='bbox 736 1086 848 1171; x_wconf 89' lang='lat' dir='ltr'>aliqua</span> <span class='ocrx_word' id='word_1_44' title='bbox 869 1108 915 1152; x_wconf 87' lang='lat' dir='ltr'>ex</span> <span class='ocrx_word' id='word_1_45' title='bbox 932 1088 1059 1162; x_wconf 88' lang='lat' dir='ltr'>Verbo,</span> <span class='ocrx_word' id='word_1_46' title='bbox 1074 1097 1113 1152; x_wconf 87' lang='lat' dir='ltr'>ut</span> <span class='ocrx_word' id='word_1_47' title='bbox 1135 1107 1182 1152; x_wconf 85' lang='lat' dir='ltr'>ex</span> <span class='ocrx_word' id='word_1_48' title='bbox 1201 1086 1344 1153; x_wconf 88' lang='lat' dir='ltr'>Domini</span> 
     </span>
     <span class='ocr_line' id='line_1_7' title="bbox 214 1181 1258 1265; baseline 0 -22"><span class='ocrx_word' id='word_1_49' title='bbox 214 1182 326 1244; x_wconf 88' lang='lat' dir='ltr'>verbis</span> <span class='ocrx_word' id='word_1_50' title='bbox 341 1181 383 1243; x_wconf 88' lang='lat' dir='ltr'>ad</span> <span class='ocrx_word' id='word_1_51' title='bbox 400 1181 606 1256; x_wconf 89' lang='lat' dir='ltr'>Pharisaeos,</span> <span class='ocrx_word' id='word_1_52' title='bbox 623 1182 713 1265; x_wconf 91' lang='lat' dir='ltr'>quod</span> <span class='ocrx_word' id='word_1_53' title='bbox 736 1181 959 1264; x_wconf 85' lang='lat' dir='ltr'>purificandus</span> <span class='ocrx_word' id='word_1_54' title='bbox 974 1183 1126 1246; x_wconf 85' lang='lat' dir='ltr'>internus</span> <span class='ocrx_word' id='word_1_55' title='bbox 1141 1181 1258 1246; x_wconf 90' lang='lat' dir='ltr'><strong>homo.</strong></span> 
     </span>
    </p>

    <p class='ocr_par' dir='ltr' id='par_1_4' title="bbox 278 1273 647 1358">
     <span class='ocr_line' id='line_1_8' title="bbox 278 1273 647 1358; baseline 0.005 -20"><span class='ocrx_word' id='word_1_56' title='bbox 278 1273 395 1339; x_wconf 90' lang='lat' dir='ltr'>Verba</span> <span class='ocrx_word' id='word_1_57' title='bbox 409 1276 499 1358; x_wconf 89' lang='lat' dir='ltr'>apud</span> <span class='ocrx_word' id='word_1_58' title='bbox 514 1274 611 1340; x_wconf 80' lang='lat' dir='ltr'>Esai.</span> <span class='ocrx_word' id='word_1_59' title='bbox 627 1276 647 1340; x_wconf 87' lang='lat' dir='ltr'>i.</span> 
     </span>
    </p>

    <p class='ocr_par' dir='ltr' id='par_1_5' title="bbox 214 1367 1346 1547">
     <span class='ocr_line' id='line_1_9' title="bbox 278 1367 1346 1452; baseline 0.003 -22"><span class='ocrx_word' id='word_1_60' title='bbox 278 1367 405 1451; x_wconf 90' lang='lat' dir='ltr'>Aliqua</span> <span class='ocrx_word' id='word_1_61' title='bbox 420 1389 465 1432; x_wconf 85' lang='lat' dir='ltr'>ex</span> <span class='ocrx_word' id='word_1_62' title='bbox 486 1368 552 1432; x_wconf 88' lang='lat' dir='ltr'>illis</span> <span class='ocrx_word' id='word_1_63' title='bbox 566 1390 652 1452; x_wconf 85' lang='lat' dir='ltr'>quae</span> <span class='ocrx_word' id='word_1_64' title='bbox 674 1369 708 1432; x_wconf 87' lang='lat' dir='ltr'>in</span> <span class='ocrx_word' id='word_1_65' title='bbox 723 1368 888 1433; x_wconf 63' lang='lat' dir='ltr'>Domina</span> <span class='ocrx_word' id='word_1_66' title='bbox 911 1367 1005 1433; x_wconf 78' lang='lat' dir='ltr'>Vitae</span> <span class='ocrx_word' id='word_1_67' title='bbox 1013 1379 1080 1450; x_wconf 82' lang='lat' dir='ltr'>pro</span> <span class='ocrx_word' id='word_1_68' title='bbox 1101 1368 1202 1433; x_wconf 84' lang='lat' dir='ltr'>Nova</span> <span class='ocrx_word' id='word_1_69' title='bbox 1216 1367 1346 1433; x_wconf 83' lang='lat' dir='ltr'>Hiero·</span> 
     </span>
     <span class='ocr_line' id='line_1_10' title="bbox 214 1460 819 1547; baseline 0.003 -22"><span class='ocrx_word' id='word_1_70' title='bbox 214 1460 340 1544; x_wconf 83' lang='lat' dir='ltr'>solyma</span> <span class='ocrx_word' id='word_1_71' title='bbox 357 1461 404 1544; x_wconf 89' lang='lat' dir='ltr'>(n.</span> <span class='ocrx_word' id='word_1_72' title='bbox 419 1464 544 1544; x_wconf 83' lang='lat'>28-31;</span> <span class='ocrx_word' id='word_1_73' title='bbox 568 1463 672 1528; x_wconf 88' lang='lat' dir='ltr'>etiam</span> <span class='ocrx_word' id='word_1_74' title='bbox 691 1463 819 1547; x_wconf 81' lang='lat'><strong>50-52).</strong></span> 
     </span>
    </p>
   </div>
   <div class='ocr_carea' id='block_1_4' title="bbox 755 1855 800 1920">
    <p class='ocr_par' dir='ltr' id='par_1_6' title="bbox 755 1855 800 1920">
     <span class='ocr_line' id='line_1_11' title="bbox 755 1855 800 1920; baseline 0.022 -1"><span class='ocrx_word' id='word_1_75' title='bbox 755 1855 800 1920; x_wconf 92' lang='lat'>11.</span> 
     </span>
    </p>
   </div>
   <div class='ocr_carea' id='block_1_5' title="bbox 215 2041 1342 2212">
    <p class='ocr_par' dir='ltr' id='par_1_7' title="bbox 215 2041 1342 2212">
     <span class='ocr_line' id='line_1_12' title="bbox 215 2041 1342 2127; baseline 0.001 -16"><span class='ocrx_word' id='word_1_76' title='bbox 215 2041 328 2127; x_wconf 84' lang='lat' dir='ltr'><strong>QUOD</strong></span> <span class='ocrx_word' id='word_1_77' title='bbox 356 2058 561 2112; x_wconf 78' lang='lat' dir='ltr'><strong>SECUNDUM</strong></span> <span class='ocrx_word' id='word_1_78' title='bbox 590 2058 823 2111; x_wconf 79' lang='lat' dir='ltr'>CHARITATIS</span> <span class='ocrx_word' id='word_1_79' title='bbox 852 2058 911 2111; x_wconf 87' lang='lat' dir='ltr'>SIT</span> <span class='ocrx_word' id='word_1_80' title='bbox 936 2058 1085 2110; x_wconf 78' lang='lat' dir='ltr'><strong>FACERE</strong></span> <span class='ocrx_word' id='word_1_81' title='bbox 1112 2058 1218 2113; x_wconf 83' lang='lat' dir='ltr'>BONA</span> <span class='ocrx_word' id='word_1_82' title='bbox 1247 2060 1342 2125; x_wconf 72' lang='lat' dir='ltr'>Qula</span> 
     </span>
     <span class='ocr_line' id='line_1_13' title="bbox 339 2158 560 2212; baseline -0.009 -1"><span class='ocrx_word' id='word_1_83' title='bbox 339 2159 437 2212; x_wconf 89' lang='lat' dir='ltr'><strong>SUNT</strong></span> <span class='ocrx_word' id='word_1_84' title='bbox 459 2158 560 2211; x_wconf 87' lang='lat' dir='ltr'><strong>USUS.</strong></span> 
     </span>
    </p>
   </div>
   <div class='ocr_carea' id='block_1_6' title="bbox 213 2334 769 2419">
    <p class='ocr_par' dir='ltr' id='par_1_8' title="bbox 213 2334 769 2419">
     <span class='ocr_line' id='line_1_14' title="bbox 213 2334 769 2419; baseline -0.005 -17"><span class='ocrx_word' id='word_1_85' title='bbox 213 2334 442 2419; x_wconf 81' lang='lat' dir='ltr'>Exponantur</span> <span class='ocrx_word' id='word_1_86' title='bbox 456 2336 490 2400; x_wconf 88' lang='lat' dir='ltr'>in</span> <span class='ocrx_word' id='word_1_87' title='bbox 505 2336 571 2401; x_wconf 88' lang='lat' dir='ltr'>hoc</span> <span class='ocrx_word' id='word_1_88' title='bbox 587 2336 704 2401; x_wconf 82' lang='lat' dir='ltr'>ordine</span> <span class='ocrx_word' id='word_1_89' title='bbox 716 2356 769 2399; x_wconf 90' lang='lat'>:—</span> 
     </span>
    </p>
   </div>
   <div class='ocr_carea' id='block_1_7' title="bbox 442 2474 1280 2640">
    <p class='ocr_par' dir='ltr' id='par_1_9' title="bbox 442 2474 1280 2640">
     <span class='ocr_line' id='line_1_15' title="bbox 447 2474 1280 2543; baseline 0.001 -15"><span class='ocrx_word' id='word_1_90' title='bbox 447 2477 466 2528; x_wconf 79' lang='grc'>1.</span> <span class='ocrx_word' id='word_1_91' title='bbox 495 2475 568 2533; x_wconf 75' lang='lat' dir='ltr'>tuor</span> <span class='ocrx_word' id='word_1_92' title='bbox 576 2491 626 2529; x_wconf 77' lang='lat' dir='ltr'>uon</span> <span class='ocrx_word' id='word_1_93' title='bbox 640 2476 732 2543; x_wconf 79' lang='lat' dir='ltr'>[rollo]</span> <span class='ocrx_word' id='word_1_94' title='bbox 747 2479 842 2530; x_wconf 77' lang='lat' dir='ltr'><em>mulum</em></span> <span class='ocrx_word' id='word_1_95' title='bbox 860 2478 947 2529; x_wconf 73' lang='lat' dir='ltr'>incon</span> <span class='ocrx_word' id='word_1_96' title='bbox 956 2475 1073 2543; x_wconf 73' lang='lat' dir='ltr'>proximo</span> <span class='ocrx_word' id='word_1_97' title='bbox 1084 2474 1122 2528; x_wconf 78' lang='lat' dir='ltr'>cit</span> <span class='ocrx_word' id='word_1_98' title='bbox 1131 2474 1280 2529; x_wconf 69' lang='lat' dir='ltr'>charitatis</span> 
     </span>
     <span class='ocr_line' id='line_1_16' title="bbox 442 2571 1253 2640; baseline 0.002 -16"><span class='ocrx_word' id='word_1_99' title='bbox 442 2573 470 2624; x_wconf 83' lang='grc'>2.</span> <span class='ocrx_word' id='word_1_100' title='bbox 495 2571 567 2629; x_wconf 76' lang='lat' dir='ltr'>Orod</span> <span class='ocrx_word' id='word_1_101' title='bbox 578 2573 643 2626; x_wconf 78' lang='lat' dir='ltr'>rollo</span> <span class='ocrx_word' id='word_1_102' title='bbox 653 2572 744 2625; x_wconf 68' lang='lat' dir='ltr'>mum</span> <span class='ocrx_word' id='word_1_103' title='bbox 757 2575 844 2626; x_wconf 70' lang='lat' dir='ltr'>rann</span> <span class='ocrx_word' id='word_1_104' title='bbox 853 2572 969 2640; x_wconf 73' lang='lat' dir='ltr'>proximo</span> <span class='ocrx_word' id='word_1_105' title='bbox 980 2572 1018 2625; x_wconf 79' lang='lat' dir='ltr'>rit</span> <span class='ocrx_word' id='word_1_106' title='bbox 1026 2572 1169 2626; x_wconf 63' lang='lat' dir='ltr'>mimus.</span> <span class='ocrx_word' id='word_1_107' title='bbox 1243 2588 1253 2603; x_wconf 93' lang='lat'><strong>·</strong></span> 
     </span>
    </p>
   </div>
   <div class='ocr_carea' id='block_1_8' title="bbox 443 2669 1337 2857">
    <p class='ocr_par' dir='ltr' id='par_1_10' title="bbox 443 2669 1337 2857">
     <span class='ocr_line' id='line_1_17' title="bbox 443 2669 1336 2739; baseline -0.003 -15"><span class='ocrx_word' id='word_1_108' title='bbox 443 2671 471 2724; x_wconf 78' lang='lat'>³.</span> <span class='ocrx_word' id='word_1_109' title='bbox 497 2670 569 2728; x_wconf 76' lang='lat' dir='ltr'>Orod</span> <span class='ocrx_word' id='word_1_110' title='bbox 583 2671 657 2724; x_wconf 75' lang='lat' dir='ltr'>homo</span> <span class='ocrx_word' id='word_1_111' title='bbox 671 2671 758 2739; x_wconf 76' lang='lat' dir='ltr'>pmii</span> <span class='ocrx_word' id='word_1_112' title='bbox 773 2674 860 2725; x_wconf 72' lang='lat' dir='ltr'>{acm</span> <span class='ocrx_word' id='word_1_113' title='bbox 877 2672 975 2729; x_wconf 81' lang='lat' dir='ltr'>tonum,</span> <span class='ocrx_word' id='word_1_114' title='bbox 991 2672 1060 2738; x_wconf 75' lang='lat' dir='ltr'>qvod</span> <span class='ocrx_word' id='word_1_115' title='bbox 1074 2671 1159 2724; x_wconf 74' lang='lat' dir='ltr'>crodit</span> <span class='ocrx_word' id='word_1_116' title='bbox 1173 2685 1236 2723; x_wconf 74' lang='lat' dir='ltr'>uss</span> <span class='ocrx_word' id='word_1_117' title='bbox 1248 2669 1336 2722; x_wconf 73' lang='lat' dir='ltr'>cieri·</span> 
     </span>
     <span class='ocr_line' id='line_1_18' title="bbox 543 2737 1337 2804; baseline -0.004 -15"><span class='ocrx_word' id='word_1_118' title='bbox 543 2737 613 2795; x_wconf 74' lang='lat' dir='ltr'>tutis,</span> <span class='ocrx_word' id='word_1_119' title='bbox 621 2743 650 2790; x_wconf 75' lang='lat' dir='ltr'>ot</span> <span class='ocrx_word' id='word_1_120' title='bbox 659 2752 740 2804; x_wconf 73' lang='lat' dir='ltr'>usqrn</span> <span class='ocrx_word' id='word_1_121' title='bbox 751 2752 800 2790; x_wconf 80' lang='lat' dir='ltr'>non</span> <span class='ocrx_word' id='word_1_122' title='bbox 810 2740 900 2804; x_wconf 64' lang='lat' dir='ltr'>iram</span> <span class='ocrx_word' id='word_1_123' title='bbox 908 2739 1011 2795; x_wconf 75' lang='lat' dir='ltr'>malum,</span> <span class='ocrx_word' id='word_1_124' title='bbox 1021 2741 1050 2790; x_wconf 78' lang='lat' dir='ltr'>ot</span> <span class='ocrx_word' id='word_1_125' title='bbox 1059 2742 1145 2789; x_wconf 67' lang='lat' dir='ltr'>nmen</span> <span class='ocrx_word' id='word_1_126' title='bbox 1154 2752 1229 2789; x_wconf 78' lang='lat' dir='ltr'><em>omno</em></span> <span class='ocrx_word' id='word_1_127' title='bbox 1237 2738 1337 2788; x_wconf 78' lang='lat' dir='ltr'><em>malum</em></span> 
     </span>
     <span class='ocr_line' id='line_1_19' title="bbox 543 2804 855 2857; baseline -0.006 -1"><span class='ocrx_word' id='word_1_128' title='bbox 543 2807 586 2857; x_wconf 78' lang='lat' dir='ltr'>oct</span> <span class='ocrx_word' id='word_1_129' title='bbox 596 2807 685 2855; x_wconf 71' lang='lat' dir='ltr'>cotim</span> <span class='ocrx_word' id='word_1_130' title='bbox 697 2804 855 2855; x_wconf 71' lang='lat' dir='ltr'>charitatum.</span> 
     </span>
    </p>
   </div>
   <div class='ocr_carea' id='block_1_9' title="bbox 442 2896 1336 3023">
    <p class='ocr_par' dir='ltr' id='par_1_11' title="bbox 442 2896 1336 3023">
     <span class='ocr_line' id='line_1_20' title="bbox 442 2896 1336 2965; baseline -0.004 -15"><span class='ocrx_word' id='word_1_131' title='bbox 442 2897 468 2950; x_wconf 84' lang='grc'>4.</span> <span class='ocrx_word' id='word_1_132' title='bbox 491 2896 564 2954; x_wconf 76' lang='lat' dir='ltr'>Orod</span> <span class='ocrx_word' id='word_1_133' title='bbox 571 2897 643 2951; x_wconf 73' lang='lat' dir='ltr'>sicut</span> <span class='ocrx_word' id='word_1_134' title='bbox 651 2897 726 2951; x_wconf 76' lang='lat' dir='ltr'>tomo</span> <span class='ocrx_word' id='word_1_135' title='bbox 733 2914 782 2951; x_wconf 81' lang='lat' dir='ltr'>non</span> <span class='ocrx_word' id='word_1_136' title='bbox 794 2902 848 2950; x_wconf 71' lang='lat' dir='ltr'>mr</span> <span class='ocrx_word' id='word_1_137' title='bbox 859 2900 946 2951; x_wconf 72' lang='lat' dir='ltr'>irem</span> <span class='ocrx_word' id='word_1_138' title='bbox 954 2900 1048 2951; x_wconf 78' lang='lat' dir='ltr'>malum</span> <span class='ocrx_word' id='word_1_139' title='bbox 1053 2897 1178 2965; x_wconf 74' lang='lat' dir='ltr'>proximo,</span> <span class='ocrx_word' id='word_1_140' title='bbox 1187 2896 1226 2949; x_wconf 78' lang='lat' dir='ltr'>itu</span> <span class='ocrx_word' id='word_1_141' title='bbox 1236 2896 1300 2949; x_wconf 78' lang='lat' dir='ltr'>mit</span> <span class='ocrx_word' id='word_1_142' title='bbox 1310 2897 1336 2949; x_wconf 79' lang='grc' dir='ltr'>οἱ</span> 
     </span>
     <span class='ocr_line' id='line_1_21' title="bbox 544 2963 986 3023; baseline 0 -8"><span class='ocrx_word' id='word_1_143' title='bbox 544 2966 632 3017; x_wconf 77' lang='lat' dir='ltr'>{acm</span> <span class='ocrx_word' id='word_1_144' title='bbox 643 2963 750 3023; x_wconf 68' lang='lat' dir='ltr'>tonum</span> <span class='ocrx_word' id='word_1_145' title='bbox 768 2969 795 3017; x_wconf 77' lang='lat' dir='ltr'>si</span> <span class='ocrx_word' id='word_1_146' title='bbox 805 2980 854 3017; x_wconf 78' lang='lat' dir='ltr'>non</span> <span class='ocrx_word' id='word_1_147' title='bbox 868 2964 986 3017; x_wconf 71' lang='lat' dir='ltr'>vicissim.</span> 
     </span>
    </p>
   </div>
   <div class='ocr_carea' id='block_1_10' title="bbox 441 3057 1335 3485">
    <p class='ocr_par' dir='ltr' id='par_1_12' title="bbox 441 3057 1335 3310">
     <span class='ocr_line' id='line_1_22' title="bbox 441 3057 1335 3127; baseline -0.003 -15"><span class='ocrx_word' id='word_1_148' title='bbox 441 3060 469 3112; x_wconf 78' lang='lat'>5.</span> <span class='ocrx_word' id='word_1_149' title='bbox 495 3058 567 3116; x_wconf 76' lang='lat' dir='ltr'>Orod</span> <span class='ocrx_word' id='word_1_150' title='bbox 579 3059 689 3127; x_wconf 75' lang='lat' dir='ltr'>primum</span> <span class='ocrx_word' id='word_1_151' title='bbox 707 3059 885 3112; x_wconf 63' lang='lat' dir='ltr'>amovendum</span> <span class='ocrx_word' id='word_1_152' title='bbox 902 3058 940 3112; x_wconf 79' lang='lat' dir='ltr'>sit</span> <span class='ocrx_word' id='word_1_153' title='bbox 953 3060 1055 3115; x_wconf 78' lang='lat' dir='ltr'>malum,</span> <span class='ocrx_word' id='word_1_154' title='bbox 1069 3057 1128 3125; x_wconf 76' lang='lat' dir='ltr'>quic</span> <span class='ocrx_word' id='word_1_155' title='bbox 1143 3057 1173 3109; x_wconf 76' lang='lat' dir='ltr'>id</span> <span class='ocrx_word' id='word_1_156' title='bbox 1188 3062 1232 3110; x_wconf 72' lang='lat' dir='ltr'>cst</span> <span class='ocrx_word' id='word_1_157' title='bbox 1241 3062 1335 3109; x_wconf 72' lang='lat' dir='ltr'>coam</span> 
     </span>
     <span class='ocr_line' id='line_1_23' title="bbox 541 3123 1334 3192; baseline -0.006 -15"><span class='ocrx_word' id='word_1_158' title='bbox 541 3125 700 3183; x_wconf 67' lang='lat' dir='ltr'>civitatem,</span> <span class='ocrx_word' id='word_1_159' title='bbox 712 3126 780 3192; x_wconf 75' lang='lat' dir='ltr'>quod</span> <span class='ocrx_word' id='word_1_160' title='bbox 795 3129 824 3177; x_wconf 74' lang='lat' dir='ltr'>rr</span> <span class='ocrx_word' id='word_1_161' title='bbox 836 3139 911 3192; x_wconf 77' lang='lat' dir='ltr'>pm</span> <span class='ocrx_word' id='word_1_162' title='bbox 928 3130 1015 3177; x_wconf 78' lang='lat' dir='ltr'>oetan</span> <span class='ocrx_word' id='word_1_163' title='bbox 1030 3123 1211 3177; x_wconf 65' lang='lat' dir='ltr'>aditomnium</span> <span class='ocrx_word' id='word_1_164' title='bbox 1236 3128 1265 3175; x_wconf 81' lang='lat' dir='ltr'>ot</span> <span class='ocrx_word' id='word_1_165' title='bbox 1282 3138 1334 3188; x_wconf 75' lang='grc' dir='ltr'>ρον</span> 
     </span>
     <span class='ocr_line' id='line_1_24' title="bbox 540 3189 1333 3310; baseline -0.006 -66"><span class='ocrx_word' id='word_1_166' title='bbox 540 3191 728 3310; x_wconf 48' lang='lat' dir='ltr'><em>mmgm&#39;</em></span> <span class='ocrx_word' id='word_1_167' title='bbox 748 3195 884 3258; x_wconf 60' lang='lat' dir='ltr'>uniquam</span> <span class='ocrx_word' id='word_1_168' title='bbox 936 3206 995 3243; x_wconf 80' lang='lat' dir='ltr'>nrm</span> <span class='ocrx_word' id='word_1_169' title='bbox 1013 3190 1081 3257; x_wconf 75' lang='lat' dir='ltr'>quod</span> <span class='ocrx_word' id='word_1_170' title='bbox 1098 3190 1162 3241; x_wconf 72' lang='lat' dir='ltr'>iacit</span> <span class='ocrx_word' id='word_1_171' title='bbox 1177 3193 1222 3241; x_wconf 75' lang='lat' dir='ltr'>oct</span> <span class='ocrx_word' id='word_1_172' title='bbox 1238 3189 1333 3241; x_wconf 72' lang='lat' dir='ltr'>mum</span> 
     </span>
    </p>

    <p class='ocr_par' dir='ltr' id='par_1_13' title="bbox 442 3349 1331 3485">
     <span class='ocr_line' id='line_1_25' title="bbox 442 3349 1331 3420; baseline -0.004 -15"><span class='ocrx_word' id='word_1_173' title='bbox 442 3353 468 3405; x_wconf 74' lang='grc' dir='ltr'>θ.</span> <span class='ocrx_word' id='word_1_174' title='bbox 494 3351 566 3407; x_wconf 76' lang='lat' dir='ltr'>Orod</span> <span class='ocrx_word' id='word_1_175' title='bbox 580 3353 664 3419; x_wconf 75' lang='lat' dir='ltr'>qualis</span> <span class='ocrx_word' id='word_1_176' title='bbox 680 3357 724 3405; x_wconf 77' lang='lat' dir='ltr'>ost</span> <span class='ocrx_word' id='word_1_177' title='bbox 737 3352 845 3420; x_wconf 70' lang='lat' dir='ltr'>aequitio</span> <span class='ocrx_word' id='word_1_178' title='bbox 862 3356 891 3405; x_wconf 80' lang='lat' dir='ltr'>ot</span> <span class='ocrx_word' id='word_1_179' title='bbox 907 3352 965 3405; x_wconf 76' lang='lat' dir='ltr'>indo</span> <span class='ocrx_word' id='word_1_180' title='bbox 981 3351 1089 3405; x_wconf 70' lang='lat' dir='ltr'>remotio</span> <span class='ocrx_word' id='word_1_181' title='bbox 1105 3349 1168 3403; x_wconf 80' lang='lat' dir='ltr'>maii</span> <span class='ocrx_word' id='word_1_182' title='bbox 1179 3365 1230 3418; x_wconf 74' lang='lat' dir='ltr'>por·</span> <span class='ocrx_word' id='word_1_183' title='bbox 1238 3351 1331 3419; x_wconf 72' lang='lat' dir='ltr'>poeni·</span> 
     </span>
     <span class='ocr_line' id='line_1_26' title="bbox 542 3417 1167 3485; baseline -0.005 -13"><span class='ocrx_word' id='word_1_184' title='bbox 542 3419 655 3477; x_wconf 59' lang='lat' dir='ltr'>nuttam,</span> <span class='ocrx_word' id='word_1_185' title='bbox 668 3421 720 3472; x_wconf 76' lang='lat' dir='ltr'>talo</span> <span class='ocrx_word' id='word_1_186' title='bbox 731 3419 768 3471; x_wconf 76' lang='lat' dir='ltr'>sir</span> <span class='ocrx_word' id='word_1_187' title='bbox 780 3419 870 3471; x_wconf 78' lang='lat' dir='ltr'><em>bonum</em></span> <span class='ocrx_word' id='word_1_188' title='bbox 882 3420 951 3485; x_wconf 75' lang='lat' dir='ltr'>quod</span> <span class='ocrx_word' id='word_1_189' title='bbox 960 3423 1003 3471; x_wconf 74' lang='lat' dir='ltr'>err</span> <span class='ocrx_word' id='word_1_190' title='bbox 1011 3417 1167 3470; x_wconf 66' lang='lat' dir='ltr'>charitatis.-</span> 
     </span>
    </p>
   </div>
   <div class='ocr_carea' id='block_1_11' title="bbox 444 3511 1331 3698">
    <p class='ocr_par' dir='ltr' id='par_1_14' title="bbox 444 3511 1331 3698">
     <span class='ocr_line' id='line_1_27' title="bbox 444 3511 1331 3581; baseline -0.002 -15"><span class='ocrx_word' id='word_1_191' title='bbox 444 3513 467 3566; x_wconf 82' lang='lat'>7.</span> <span class='ocrx_word' id='word_1_192' title='bbox 493 3512 564 3570; x_wconf 76' lang='lat' dir='ltr'>Orod</span> <span class='ocrx_word' id='word_1_193' title='bbox 578 3513 637 3567; x_wconf 75' lang='lat' dir='ltr'>e&#39;ndc</span> <span class='ocrx_word' id='word_1_194' title='bbox 655 3517 786 3580; x_wconf 76' lang='lat' dir='ltr'>coquntur,</span> <span class='ocrx_word' id='word_1_195' title='bbox 798 3514 867 3581; x_wconf 75' lang='lat' dir='ltr'>qvod</span> <span class='ocrx_word' id='word_1_196' title='bbox 880 3513 990 3580; x_wconf 77' lang='lat' dir='ltr'>primum</span> <span class='ocrx_word' id='word_1_197' title='bbox 1002 3511 1136 3564; x_wconf 74' lang='lat' dir='ltr'>charitatis</span> <span class='ocrx_word' id='word_1_198' title='bbox 1154 3511 1192 3564; x_wconf 74' lang='lat' dir='ltr'>cii</span> <span class='ocrx_word' id='word_1_199' title='bbox 1207 3517 1331 3578; x_wconf 76' lang='lat' dir='ltr'>cpoetm</span> 
     </span>
     <span class='ocr_line' id='line_1_28' title="bbox 540 3578 1329 3646; baseline 0 -15"><span class='ocrx_word' id='word_1_200' title='bbox 540 3579 576 3632; x_wconf 80' lang='lat' dir='ltr'>ad</span> <span class='ocrx_word' id='word_1_201' title='bbox 590 3578 720 3631; x_wconf 71' lang='lat' dir='ltr'>Dominum</span> <span class='ocrx_word' id='word_1_202' title='bbox 738 3584 767 3631; x_wconf 75' lang='lat' dir='ltr'>ot</span> <span class='ocrx_word' id='word_1_203' title='bbox 782 3581 872 3646; x_wconf 64' lang='lat' dir='ltr'>ruam</span> <span class='ocrx_word' id='word_1_204' title='bbox 888 3580 956 3631; x_wconf 75' lang='lat' dir='ltr'>mala</span> <span class='ocrx_word' id='word_1_205' title='bbox 973 3581 1003 3630; x_wconf 77' lang='lat' dir='ltr'>ur</span> <span class='ocrx_word' id='word_1_206' title='bbox 1015 3582 1139 3645; x_wconf 71' lang='lat' dir='ltr'>paccata:</span> <span class='ocrx_word' id='word_1_207' title='bbox 1157 3580 1186 3629; x_wconf 78' lang='lat' dir='ltr'>ct</span> <span class='ocrx_word' id='word_1_208' title='bbox 1200 3579 1271 3644; x_wconf 76' lang='lat' dir='ltr'>quod</span> <span class='ocrx_word' id='word_1_209' title='bbox 1283 3593 1329 3631; x_wconf 75' lang='lat' dir='ltr'>u-</span> 
     </span>
     <span class='ocr_line' id='line_1_29' title="bbox 541 3645 1027 3698; baseline -0.004 -1"><span class='ocrx_word' id='word_1_210' title='bbox 541 3646 651 3698; x_wconf 76' lang='lat' dir='ltr'>cundum</span> <span class='ocrx_word' id='word_1_211' title='bbox 663 3645 797 3698; x_wconf 72' lang='lat' dir='ltr'>ctariiuiic</span> <span class='ocrx_word' id='word_1_212' title='bbox 808 3645 845 3697; x_wconf 80' lang='lat' dir='ltr'>sit</span> <span class='ocrx_word' id='word_1_213' title='bbox 857 3647 945 3696; x_wconf 70' lang='lat' dir='ltr'>from</span> <span class='ocrx_word' id='word_1_214' title='bbox 955 3645 1027 3697; x_wconf 77' lang='lat' dir='ltr'>tom.</span> 
     </span>
    </p>
   </div>
   <div class='ocr_carea' id='block_1_12' title="bbox 214 3853 994 3921">
    <p class='ocr_par' dir='ltr' id='par_1_15' title="bbox 214 3853 994 3921">
     <span class='ocr_line' id='line_1_30' title="bbox 214 3853 994 3921; baseline -0.006 -12"><span class='ocrx_word' id='word_1_215' title='bbox 214 3858 233 3909; x_wconf 79' lang='grc'>1.</span> <span class='ocrx_word' id='word_1_216' title='bbox 259 3856 331 3914; x_wconf 76' lang='lat' dir='ltr'>Orod</span> <span class='ocrx_word' id='word_1_217' title='bbox 339 3870 389 3909; x_wconf 80' lang='lat' dir='ltr'>non</span> <span class='ocrx_word' id='word_1_218' title='bbox 402 3857 466 3909; x_wconf 76' lang='lat' dir='ltr'>roilo</span> <span class='ocrx_word' id='word_1_219' title='bbox 477 3857 571 3908; x_wconf 80' lang='lat' dir='ltr'><em>malum</em></span> <span class='ocrx_word' id='word_1_220' title='bbox 584 3856 672 3907; x_wconf 69' lang='lat' dir='ltr'>meon</span> <span class='ocrx_word' id='word_1_221' title='bbox 680 3854 795 3921; x_wconf 72' lang='lat' dir='ltr'>proximo</span> <span class='ocrx_word' id='word_1_222' title='bbox 806 3854 844 3907; x_wconf 80' lang='lat' dir='ltr'>sit</span> <span class='ocrx_word' id='word_1_223' title='bbox 853 3853 994 3907; x_wconf 66' lang='lat' dir='ltr'>victimis.</span> 
     </span>
    </p>
   </div>
   <div class='ocr_carea' id='block_1_13' title="bbox 210 3988 1326 4447">
    <p class='ocr_par' dir='ltr' id='par_1_16' title="bbox 210 3988 1326 4447">
     <span class='ocr_line' id='line_1_31' title="bbox 274 3988 1326 4072; baseline -0.002 -17"><span class='ocrx_word' id='word_1_224' title='bbox 274 3990 393 4055; x_wconf 89' lang='lat' dir='ltr'>Omnis</span> <span class='ocrx_word' id='word_1_225' title='bbox 408 3991 501 4053; x_wconf 88' lang='lat' dir='ltr'>videt</span> <span class='ocrx_word' id='word_1_226' title='bbox 523 3989 613 4072; x_wconf 89' lang='lat' dir='ltr'>quod</span> <span class='ocrx_word' id='word_1_227' title='bbox 635 3989 781 4054; x_wconf 85' lang='lat' dir='ltr'>charitas</span> <span class='ocrx_word' id='word_1_228' title='bbox 804 4009 871 4053; x_wconf 89' lang='lat' dir='ltr'>non</span> <span class='ocrx_word' id='word_1_229' title='bbox 894 3989 1018 4053; x_wconf 87' lang='lat' dir='ltr'>malum</span> <span class='ocrx_word' id='word_1_230' title='bbox 1041 3988 1141 4053; x_wconf 84' lang='lat' dir='ltr'>saciat</span> <span class='ocrx_word' id='word_1_231' title='bbox 1156 3991 1326 4071; x_wconf 87' lang='lat' dir='ltr'>proximo,</span> 
     </span>
     <span class='ocr_line' id='line_1_32' title="bbox 210 4083 1325 4168; baseline -0.001 -19"><span class='ocrx_word' id='word_1_232' title='bbox 210 4086 287 4168; x_wconf 91' lang='lat' dir='ltr'>quia</span> <span class='ocrx_word' id='word_1_233' title='bbox 302 4085 447 4149; x_wconf 87' lang='lat' dir='ltr'>charitas</span> <span class='ocrx_word' id='word_1_234' title='bbox 462 4094 515 4147; x_wconf 89' lang='lat' dir='ltr'>est</span> <span class='ocrx_word' id='word_1_235' title='bbox 530 4103 625 4147; x_wconf 91' lang='lat' dir='ltr'>amor</span> <span class='ocrx_word' id='word_1_236' title='bbox 639 4104 721 4166; x_wconf 85' lang='lat' dir='ltr'>erga</span> <span class='ocrx_word' id='word_1_237' title='bbox 736 4084 937 4165; x_wconf 86' lang='lat' dir='ltr'>proximum,</span> <span class='ocrx_word' id='word_1_238' title='bbox 953 4093 989 4147; x_wconf 91' lang='lat' dir='ltr'>et</span> <span class='ocrx_word' id='word_1_239' title='bbox 1004 4084 1059 4165; x_wconf 91' lang='lat' dir='ltr'>qui</span> <span class='ocrx_word' id='word_1_240' title='bbox 1073 4093 1167 4153; x_wconf 87' lang='lat' dir='ltr'>amat</span> <span class='ocrx_word' id='word_1_241' title='bbox 1179 4083 1325 4167; x_wconf 85' lang='lat' dir='ltr'>aliquem</span> 
     </span>
     <span class='ocr_line' id='line_1_33' title="bbox 211 4174 1325 4259; baseline -0.001 -16"><span class='ocrx_word' id='word_1_242' title='bbox 211 4180 310 4243; x_wconf 90' lang='lat' dir='ltr'>timet</span> <span class='ocrx_word' id='word_1_243' title='bbox 322 4177 447 4242; x_wconf 90' lang='lat' dir='ltr'>malum</span> <span class='ocrx_word' id='word_1_244' title='bbox 459 4177 489 4241; x_wconf 92' lang='lat' dir='ltr'>ei</span> <span class='ocrx_word' id='word_1_245' title='bbox 501 4177 619 4241; x_wconf 84' lang='lat' dir='ltr'>iacere.</span> <span class='ocrx_word' id='word_1_246' title='bbox 659 4178 722 4240; x_wconf 89' lang='lat' dir='ltr'>Est</span> <span class='ocrx_word' id='word_1_247' title='bbox 735 4174 926 4259; x_wconf 73' lang='lat' dir='ltr'>conjunctio</span> <span class='ocrx_word' id='word_1_248' title='bbox 938 4178 1121 4240; x_wconf 89' lang='lat' dir='ltr'>animarum</span> <span class='ocrx_word' id='word_1_249' title='bbox 1134 4177 1223 4241; x_wconf 89' lang='lat' dir='ltr'>inter</span> <span class='ocrx_word' id='word_1_250' title='bbox 1236 4178 1325 4254; x_wconf 91' lang='lat' dir='ltr'>illos;</span> 
     </span>
     <span class='ocr_line' id='line_1_34' title="bbox 211 4269 1325 4353; baseline -0.002 -17"><span class='ocrx_word' id='word_1_251' title='bbox 211 4272 299 4336; x_wconf 88' lang='lat' dir='ltr'>unde</span> <span class='ocrx_word' id='word_1_252' title='bbox 322 4280 385 4349; x_wconf 88' lang='lat' dir='ltr'>est,</span> <span class='ocrx_word' id='word_1_253' title='bbox 405 4289 481 4334; x_wconf 88' lang='lat' dir='ltr'>curn</span> <span class='ocrx_word' id='word_1_254' title='bbox 504 4270 630 4334; x_wconf 88' lang='lat' dir='ltr'>malum</span> <span class='ocrx_word' id='word_1_255' title='bbox 652 4271 731 4335; x_wconf 79' lang='lat' dir='ltr'>facit</span> <span class='ocrx_word' id='word_1_256' title='bbox 753 4272 783 4335; x_wconf 93' lang='lat' dir='ltr'>ei</span> <span class='ocrx_word' id='word_1_257' title='bbox 806 4271 857 4334; x_wconf 93' lang='lat' dir='ltr'>cui</span> <span class='ocrx_word' id='word_1_258' title='bbox 881 4290 940 4352; x_wconf 85' lang='lat' dir='ltr'>per</span> <span class='ocrx_word' id='word_1_259' title='bbox 954 4289 1103 4334; x_wconf 85' lang='lat' dir='ltr'>amorem</span> <span class='ocrx_word' id='word_1_260' title='bbox 1126 4269 1325 4353; x_wconf 59' lang='lat' dir='ltr'>conjunctus</span> 
     </span>
     <span class='ocr_line' id='line_1_35' title="bbox 212 4362 1324 4447; baseline 0.001 -18"><span class='ocrx_word' id='word_1_261' title='bbox 212 4374 276 4441; x_wconf 82' lang='lat' dir='ltr'>est,</span> <span class='ocrx_word' id='word_1_262' title='bbox 306 4365 340 4428; x_wconf 87' lang='lat' dir='ltr'>in</span> <span class='ocrx_word' id='word_1_263' title='bbox 369 4365 481 4429; x_wconf 86' lang='lat' dir='ltr'>anima</span> <span class='ocrx_word' id='word_1_264' title='bbox 509 4365 710 4447; x_wconf 83' lang='lat' dir='ltr'>percipiatur</span> <span class='ocrx_word' id='word_1_265' title='bbox 739 4364 824 4429; x_wconf 88' lang='lat' dir='ltr'>sicut</span> <span class='ocrx_word' id='word_1_266' title='bbox 854 4365 925 4446; x_wconf 89' lang='lat' dir='ltr'>ipse</span> <span class='ocrx_word' id='word_1_267' title='bbox 954 4364 1016 4427; x_wconf 88' lang='lat' dir='ltr'>sibi</span> <span class='ocrx_word' id='word_1_268' title='bbox 1045 4362 1171 4429; x_wconf 85' lang='lat' dir='ltr'>malum</span> <span class='ocrx_word' id='word_1_269' title='bbox 1200 4365 1324 4441; x_wconf 61' lang='lat' dir='ltr'>facian</span> 
     </span>
    </p>
   </div>
   <div class='ocr_carea' id='block_1_14' title="bbox 0 0 1392 5040">
    <p class='ocr_par' dir='ltr' id='par_1_17' title="bbox 0 0 1392 5040">
     <span class='ocr_line' id='line_1_36' title="bbox 0 0 1392 5040; baseline 0 2"><span class='ocrx_word' id='word_1_270' title='bbox 0 0 1392 5040; x_wconf 95' lang='lat' dir='ltr'> </span> 
     </span>
    </p>
   </div>
  </div>
 </body>
</html>
