2776 5040
255 306 308 357 aa
330 307 415 374 sJus
438 305 637 361 uocatum
658 309 934 363 capessas—u.
958 315 1025 382 127.
1162 301 1200 366 81

42 475 256 542 hominem
272 497 343 543 non
359 478 514 545 sanctum
530 490 596 558 est,
614 482 676 546 nisi
695 482 865 546 internum
882 482 954 566 ejus
970 481 1125 548 sanctum
1146 485 1202 560 sit,

48 589 151 634 nam
164 571 285 655 qualis
297 573 402 638 homo
414 575 526 658 quoad
542 576 712 640 internum
728 596 825 641 suum
842 588 907 652 est,
922 577 1002 641 talis
1017 588 1072 643 est
1088 579 1203 662 quoad

49 675 277 742 externum,
294 667 360 731 hoc
379 669 469 732 enim
486 669 641 752 procedit
657 670 702 734 ab
720 670 779 734 illo
798 673 885 736 sicut
906 669 995 736 actio
1014 692 1034 735 a
1052 693 1113 736 suo
1133 673 1202 755 spi·

53 761 137 823 ritu
155 781 164 839 ;
189 781 300 843 quare
319 760 474 827 sanetum
493 774 677 828 externum
696 764 825 848 absque
844 764 965 830 saneto
987 767 1124 830 interno
1147 779 1202 832 est

55 854 238 919 naturale
269 864 306 920 et
334 876 401 920 non
433 857 619 940 spirituale.
672 858 757 922 Inde
780 871 834 925 est
858 860 949 944 quod
972 862 1073 925 detur
1096 881 1203 946 aeque

63 949 168 1032 apud
189 948 304 1013 malos
323 970 363 1014 ac
382 951 473 1034 apud
493 952 623 1031 bonos;
647 964 683 1018 et
703 953 751 1017 illi
770 954 826 1038 qui
850 956 883 1018 in
906 976 948 1019 eo
971 974 1107 1020 omnem
1131 956 1202 1021 cul-

64 1054 149 1107 tum
170 1054 319 1127 ponunt,
333 1055 413 1110 sunt
426 1046 645 1128 utplurimum
658 1048 767 1122 vacui,
780 1048 846 1112 hoc
859 1060 924 1124 est,
938 1051 1066 1133 absque
1082 1051 1202 1133 cogni-

72 1138 233 1202 tionibus
263 1139 345 1202 boni
376 1149 413 1204 et
442 1141 525 1217 veri,
550 1150 586 1205 et
609 1151 728 1207 tamen
751 1142 842 1206 bona
864 1153 900 1207 et
923 1163 1003 1207 vera
1027 1154 1106 1208 sunt
1129 1144 1204 1227 ipsa

77 1229 215 1308 sancta,
239 1253 328 1316 quae
350 1234 502 1309 scienda,
527 1235 708 1310 credenda,
732 1246 768 1300 et
791 1236 948 1311 amanda,
973 1237 1051 1320 quia
1073 1247 1153 1302 sunt
1183 1259 1204 1302 a

80 1323 226 1411 Divino,
240 1335 277 1389 et
296 1327 344 1390 sic
364 1326 524 1391 Divinum
544 1329 577 1391 in
596 1327 673 1392 illis.
717 1327 880 1392 Sandtum
895 1331 1010 1413 itaque
1027 1330 1199 1395 internum

83 1428 133 1484 cst
154 1437 275 1483 amare
293 1421 421 1484 bonum
444 1431 479 1485 et
498 1440 615 1486 verum
639 1433 779 1505 propter
800 1423 927 1487 bonum
951 1433 987 1488 et
1009 1444 1137 1500 verum,
1158 1445 1198 1489 ac

83 1513 211 1596 justum
230 1525 266 1580 et
285 1517 452 1581 sincerum
471 1527 611 1599 propter
622 1515 750 1599 justum
770 1528 805 1581 et
825 1518 1013 1596 sincerum;
1036 1529 1201 1603 quantum

86 1609 191 1673 homo
206 1609 291 1674 haec
310 1610 359 1674 ita
374 1620 479 1686 amat,
493 1621 627 1695 tantum
646 1620 700 1674 est
717 1611 910 1693 spiritualis,
924 1623 960 1677 et
979 1633 1112 1696 quoque
1131 1612 1202 1695 ejus
1318 1645 1321 1652 ·

85 1703 210 1779 cultus,
231 1723 310 1767 nam
337 1713 472 1767 tantum
499 1706 603 1769 etiam
629 1705 703 1768 vult
730 1706 815 1768 scire
842 1705 901 1768 illa
927 1715 962 1769 et
989 1706 1099 1770 lacere
1122 1706 1200 1785 illa;

86 1809 120 1862 at
138 1808 306 1882 quantum
324 1798 429 1862 homo
447 1799 506 1862 illa
524 1818 591 1862 non
610 1801 659 1864 ita
677 1810 783 1873 amat,
797 1809 932 1863 tantum
952 1812 1004 1863 est
1025 1799 1200 1876 naturalis,

86 1903 119 1956 et
143 1912 278 1976 quoque
301 1891 372 1974 ejus
394 1894 515 1968 cultus,
540 1904 575 1957 et
598 1914 732 1976 quoque
757 1905 892 1958 tantum
923 1913 992 1957 non
1016 1894 1089 1958 vult
1116 1897 1202 1959 scire

87 1987 143 2050 illa
162 1997 198 2052 et
217 1987 328 2052 lacere
346 1988 413 2052 illa.
459 1988 654 2070 Comparari
674 1999 789 2070 potest
810 1990 922 2053 cultus
940 2000 1104 2053 externus
1122 1991 1200 2053 abs·

86 2102 150 2164 que
172 2082 309 2146 interno
331 2101 408 2146 cum
428 2083 499 2146 vita
521 2083 752 2164 respirationis
775 2083 902 2165 absque
926 2085 996 2146 vita
1019 2084 1140 2156 cordis,
1165 2093 1201 2147 at

87 2175 198 2240 cultus
228 2186 393 2240 externus
422 2197 467 2239 ex
493 2176 630 2241 interno
656 2194 733 2240 cum
760 2176 831 2240 vita
857 2178 1088 2260 respirationis
1118 2195 1200 2240 con·

84 2268 199 2352 juncia
214 2272 306 2335 vitae
324 2271 444 2335 cordis.

143 2367 240 2432 126.
268 2365 371 2449 Quod
393 2375 508 2430 autem
530 2366 785 2429 abdicationem
808 2367 926 2428 mundi
949 2368 1096 2429 attinet:
1127 2385 1200 2430 cre·

87 2459 177 2523 ditur
191 2479 212 2522 a
231 2459 348 2522 multis
365 2457 456 2541 quod
475 2459 632 2522 abdicare
651 2459 824 2532 mundum,
842 2477 881 2522 ac
898 2460 1011 2522 vivere
1030 2458 1148 2541 spiritu
1166 2467 1202 2522 et

88 2573 152 2616 non
173 2572 286 2629 carne,
304 2553 348 2616 sit
368 2551 503 2633 rejicere
519 2553 700 2625 mundana,
718 2572 803 2634 quae
822 2563 901 2627 sunt
920 2553 1098 2634 praecipue
1117 2552 1201 2614 divi·

88 2649 153 2711 tiae
180 2658 217 2711 et
244 2647 403 2730 honores,
427 2666 466 2710 ac
496 2646 543 2710 ire
570 2639 732 2709 contin'ue
762 2646 794 2707 in
826 2647 880 2726 pia
907 2645 1131 2708 meditatione
1160 2646 1202 2709 de

88 2740 172 2818 Deo,
200 2742 244 2806 de
271 2741 392 2816 salute,
419 2749 455 2805 et
486 2741 528 2803 de
558 2740 630 2803 vita
656 2749 807 2813 aeterna,
835 2759 874 2803 ac
904 2740 1010 2802 vitam
1037 2759 1139 2821 agere
1168 2740 1202 2801 in

88 2835 252 2915 precibus,
269 2835 303 2897 in
327 2831 473 2898 lectione
485 2833 591 2897 Verbi
609 2853 649 2896 ac
672 2835 801 2914 piorum
825 2833 997 2906 librorum,
1014 2843 1050 2897 et
1068 2852 1203 2915 quoque

87 2929 237 3012 affligere
255 2949 311 2993 se:
336 2927 397 2992 sed
415 2928 499 2991 haec
520 2947 588 2991 non
604 2939 684 2990 sunt
703 2927 861 2990 abdicare
878 2927 1061 3002 mundum;
1085 2946 1203 2989 verum

86 3024 245 3090 abdicare
264 3024 426 3086 mundum
445 3034 499 3088 est
518 3041 631 3086 amare
658 3021 768 3097 Deum
791 3032 826 3086 et
849 3041 963 3085 amare
986 3022 1202 3103 proximum;

85 3130 116 3185 et
144 3127 283 3183 amatur
306 3117 398 3180 Deus
421 3136 497 3181 cum
520 3117 645 3179 vivitur
667 3116 850 3178 secundum
875 3126 1059 3197 praecepta
1083 3114 1202 3196 Ipsius,

80 3224 117 3279 et
142 3223 282 3277 amatur
302 3212 477 3293 proximus
499 3229 577 3274 cum
600 3211 704 3273 homo
728 3229 807 3272 usus
831 3218 1005 3291 praestat;
1039 3228 1141 3291 quare
1165 3218 1203 3270 ut

76 3303 191 3373 bomo
206 3307 315 3371 vitam
338 3304 423 3369 caeli
446 3304 597 3387 recipiat,
615 3304 754 3368 omnino
776 3304 870 3367 vivet
893 3305 927 3366 in
950 3303 1090 3377 mundo,
1106 3322 1146 3366 ac
1170 3302 1204 3365 in

71 3401 205 3466 officiis
224 3410 260 3465 et
276 3400 424 3482 negotiis
442 3399 498 3463 ibi.
542 3399 626 3462 Vita
642 3395 815 3462 abstracta
830 3419 851 3460 a
868 3398 1047 3460 mundanis
1063 3408 1117 3462 est
1132 3397 1205 3461 vita

67 3495 309 3579 cogitationis
331 3503 367 3558 et
390 3492 468 3557 fidei
487 3502 666 3575 separatae
684 3512 704 3555 a
722 3493 795 3555 vita
810 3494 936 3555 amoris
955 3502 991 3555 et
1014 3491 1203 3565 charitatis,

63 3589 124 3654 in
145 3610 211 3674 qua
232 3589 305 3653 vita
322 3588 410 3671 perit
432 3586 521 3652 velle
539 3586 666 3650 bonum
690 3596 725 3649 et
748 3586 859 3650 lacere
878 3587 1004 3649 bonum
1029 3586 1204 3667 proximo;

61 3695 224 3748 etcum
247 3682 314 3746 hoc
338 3682 436 3765 perit,
455 3690 509 3745 est
531 3682 603 3744 vita
626 3680 808 3762 spiritualis
827 3681 916 3744 sicut
934 3680 1055 3742 domus
1078 3679 1205 3762 absque

61 3776 322 3851 fundamento,
341 3795 427 3859 quae
446 3775 635 3839 successive
655 3773 708 3837 vel
729 3772 896 3848 subsidet,
916 3773 971 3836 vel
991 3775 1093 3836 rimas
1111 3773 1205 3837 ducit

63 3880 134 3936 et
148 3869 227 3946 hiat,
240 3868 295 3934 vel
315 3878 415 3933 nutat
434 3888 538 3952 usque
557 3869 637 3931 dum
656 3867 828 3931 dilabitur.

151 3979 235 4053 1η.
264 3965 368 4049 Quod
384 3966 496 4030 facere
510 3965 638 4028 bonum
657 3965 701 4029 sit
719 3964 833 4028 colere
850 3963 1048 4036 Dominum,
1065 3972 1206 4027 constat

67 4078 101 4122 a
134 4050 266 4125 Domini
283 4058 408 4135 verbis,

139 4187 270 4243 “Omnis
280 4191 336 4256 .qui
348 4191 422 4241 audit
432 4192 515 4241 rerba
525 4204 597 4240 mea.
608 4199 646 4240 .et
657 4190 720 4240 iacit
731 4204 771 4248 ea,
783 4189 938 4239 assimilabo
948 4189 1007 4238 vlro
1019 4188 1151 4250 prudenti,
1161 4187 1207 4250 qui

217 4257 368 4309 aedificavb
381 4257 492 4307 domum
506 4270 586 4319 super
600 4265 702 4318 petru.
712 4292 719 4305 .
728 4292 735 4305 .
745 4264 795 4304 at.
805 4253 861 4318 .qui
878 4255 953 4304 audit
966 4254 1049 4303 verba
1063 4266 1135 4304 mea.
1146 4288 1164 4310 .,
1179 4262 1207 4302 et
