2776 5040
509 978 652 1028 LEMMA
676 978 893 1030 SECUNDUM.

142 1184 214 1258 DE
249 1185 504 1261 ECCLESIA
540 1185 802 1268 ADAMICA,
839 1186 942 1261 SEU
979 1189 1248 1286 ANTIQUIS·

383 1305 513 1379 SIMA
542 1304 714 1402 HUJUS
740 1305 1022 1383 TELLURIS.

204 1735 271 1803 23.
302 1721 448 1784 Mundus
470 1718 634 1785 haetenus
656 1722 799 1785 credidit
822 1722 913 1805 quod
935 1743 996 1805 per
1021 1727 1252 1791 “creationem

141 1815 225 1879 caeli
248 1825 282 1878 et
305 1825 415 1879 terrae
423 1815 438 1839 ”
456 1816 490 1878 in
513 1816 620 1897 primo
643 1817 754 1896 capite
775 1814 932 1880 Geneseos
954 1818 1172 1901 intelligatur
1188 1840 1252 1884 cre·

140 1911 210 1974 atio
229 1910 383 1984 universi,
403 1909 586 1972 secundum
606 1909 757 1987 literam;
785 1919 819 1972 et
838 1910 928 1992 quod
946 1931 1007 1993 per
1027 1912 1253 1988 “Adamum,”

141 2005 264 2085 prirnus
294 2004 396 2067 homo
425 2002 519 2084 hujus
549 2002 687 2066 telluris.
749 2003 895 2066 Mundus
925 2024 987 2068 nec
1020 2008 1137 2088 potuit
1163 2008 1254 2073 aliter

140 2098 288 2171 credere,
307 2099 464 2179 quoniam
488 2095 668 2179 spiritualis
691 2107 727 2160 et
749 2098 900 2160 internus
922 2118 1044 2163 sensus
1063 2099 1172 2166 Verbi
1193 2103 1250 2166 huc

140 2212 244 2274 usque
263 2211 330 2255 non
350 2188 503 2254 detettus
522 2191 604 2268 suit;
628 2192 676 2253 ita
695 2210 756 2254 nec
776 2192 866 2273 quod
889 2212 948 2274 per
965 2198 1112 2259 “creare
1129 2196 1252 2259 caelum

140 2295 175 2349 et
197 2285 343 2348 terram”
361 2284 570 2366 intelligatur
592 2305 637 2347 ex
660 2282 781 2348 lunttis
799 2287 869 2348 vita
891 2286 924 2348 in
948 2288 1078 2351 mundo
1097 2289 1252 2372 colligere

140 2390 176 2443 et
195 2378 339 2442 condere
359 2379 488 2442 caelum
507 2378 708 2460 angelicum,
728 2389 763 2442 et
787 2399 846 2461 per
864 2379 927 2443 hoc
947 2380 1103 2446 derivare
1121 2393 1158 2447 et
1180 2404 1252 2467 pro·

140 2472 261 2537 ducere
280 2472 469 2535 Ecclesiam
492 2473 524 2534 in
548 2474 645 2535 terris
670 2471 722 2553 (ut
746 2493 855 2554 supra,
876 2493 907 2535 n.
935 2474 1074 2556 18-2o);
1108 2487 1143 2540 et
1167 2477 1251 2559 quod

140 2588 199 2648 per
229 2567 363 2628 nomina
394 2586 620 2646 personarum,
649 2568 812 2646 gentium,
840 2567 1016 2648 regionum
1047 2580 1084 2633 et
1115 2571 1249 2645 urbium,

139 2660 372 2740 intelligantur
395 2659 475 2722 talia
494 2681 578 2741 quae
598 2660 681 2722 caeli
704 2672 739 2722 et
762 2661 859 2723 simul
882 2660 1058 2725 Ecclesiae
1078 2676 1178 2742 sunt;
1208 2667 1252 2728 ita

139 2754 357 2817 consimiliter
384 2775 442 2834 per
470 2754 698 2816 “Adamum.''
743 2753 843 2835 Quod
875 2776 933 2836 per
961 2754 1194 2834 “Adamum,’¹
1218 2769 1250 2822 et

140 2869 198 2930 per
216 2849 328 2910 omnia
346 2869 431 2929 quae
450 2848 492 2909 de
511 2848 568 2910 illo
588 2859 621 2910 et
642 2848 709 2927 ejus
730 2849 928 2930 posteritate
948 2850 979 2911 in
1000 2850 1117 2930 primis
1136 2854 1250 2934 capiti·

138 2942 199 3004 bus
228 2941 383 3004 Geneseos
411 2943 655 3022 praedicantur,
680 2943 911 3004 describantur
937 2953 1047 3005 status
1074 2947 1250 3008 successivi

140 3034 313 3098 Ecclesiae
341 3035 617 3116 Antiquissimae,
645 3037 699 3116 qui
730 3047 806 3097 sunt
837 3035 905 3114 ejus
933 3046 1026 3098 ortus
1057 3057 1117 3100 seu
1145 3060 1249 3114 mane,

138 3129 206 3209 ejus
226 3130 415 3210 progressio
438 3130 469 3190 in
495 3128 603 3191 lucem
622 3151 679 3191 seu
698 3131 780 3202 dies,
801 3128 869 3207 ejus
888 3129 1072 3192 declinatio
1096 3153 1155 3195 seu
1177 3154 1248 3196 ves·

138 3244 227 3306 pera,
252 3222 319 3302 ejus
346 3222 419 3283 finis
446 3243 504 3284 seu
531 3243 611 3295 nox,
637 3235 671 3285 et
699 3235 775 3304 post
803 3225 888 3285 hanc
917 3222 1071 3285 ultimum
1094 3224 1248 3304 judicium

138 3338 236 3398 super
259 3316 345 3388 illos,
370 3327 403 3379 et
428 3327 504 3396 post
533 3318 595 3379 hoc
620 3314 690 3378 exll
714 3316 866 3378 fidelibus
890 3337 1013 3378 novum
1037 3319 1169 3382 caelum
1192 3341 1248 3383 an·

136 3410 291 3492 gelicum‚
327 3420 361 3472 et
394 3432 438 3472 ex
476 3410 662 3472 infidelibus
700 3430 822 3472 novum
860 3411 1032 3485 infernum,
1068 3415 1247 3476 secundum

137 3506 255 3567 seriem
283 3505 553 3585 progressionum
584 3505 616 3566 in
647 3506 871 3586 praecedente
899 3504 1059 3567 lemmate
1087 3508 1247 3588 explana·

137 3608 218 3671 tarn,
242 3598 285 3658 ad
314 3617 459 3677 unguem
482 3597 664 3678 explicata,
689 3598 825 3659 evoluta
852 3608 886 3660 et
914 3598 1151 3663 demonstrata
1173 3611 1247 3663 sunt

136 3692 169 3753 in
201 3690 348 3753 Arcanis
384 3689 587 3753 Caelestibus
620 3712 718 3772 super
753 3690 891 3753 Genesin
924 3701 958 3753 et
991 3691 1158 3768 Erotium,
1192 3715 1247 3776 per

136 3783 328 3848 ottennium
342 3785 554 3859 elucubratis
568 3806 605 3847 ac
620 3785 765 3847 Londini
778 3787 875 3847 editis
888 3807 895 3862 ;
919 3806 1003 3867 quae
1017 3789 1094 3867 quia
1110 3798 1247 3850 exstant

135 3880 167 3941 in
188 3879 323 3951 mundo,
341 3898 408 3939 non
429 3878 521 3959 plure
540 3900 623 3959 opus
642 3890 694 3940 est
710 3899 809 3960 quarn
829 3889 865 3941 ut
885 3880 1008 3941 exinde
1025 3881 1247 3961 recapitulen-

136 3983 190 4036 tur
205 3971 404 4034 universalia
423 3993 507 4054 quae
530 3974 561 4034 in
583 3974 645 4035 hoc
666 3972 835 4034 volumine
855 3974 896 4035 de
920 3972 1168 4055 Antiquissima
1187 3976 1245 4038 hac

136 4067 289 4129 Ecclesia
313 4065 529 4147 proferentur.
576 4067 613 4128 ln
638 4066 750 4129 limine
773 4078 886 4129 autem
906 4068 1117 4131 adducentur
1140 4071 1247 4152 aliqua

134 4161 211 4223 loca
237 4181 255 4222 e
279 4159 404 4233 Verb0,
430 4181 488 4240 per
513 4181 598 4242 quae
622 4162 794 4223 evincetur
817 4161 906 4242 quod
934 4181 992 4241 per
1016 4167 1158 4226 “creare
1168 4164 1183 4186 ”
1205 4165 1246 4225 ibi

133 4251 338 4334 significetur
364 4272 382 4314 e
410 4273 498 4315 novo
522 4256 715 4335 producere,
740 4264 774 4316 et
798 4254 950 4326 formare,
973 4273 1012 4315 ac
1040 4258 1174 4336 proprie
1198 4277 1247 4319 re·

133 4366 314 4426 generare;
339 4367 423 4427 quae
442 4367 543 4410 causa
565 4358 617 4411 est
637 4345 753 4429 quodl‘l
773 4349 983 4428 regeneratio
1002 4361 1144 4413 vocetur
1163 4370 1248 4414 nova
