2776 5040
608 440 780 491 CORONIS.

265 628 327 663 xxv.
341 625 414 675 9-11,
431 611 478 667 18:
495 625 553 673 cap.
568 611 631 660 xliv.
643 621 667 669 2,
678 610 703 666 6,
715 621 763 660 22:
782 609 873 659 Erech.
885 625 910 659 x.
925 622 936 658 1
950 610 984 660 ad
1004 611 1049 660 fin.
1063 625 1069 669 ;
1087 625 1146 673 cup.
1157 610 1200 660 xii.
1212 623 1244 672 ta

265 691 313 739 205
330 693 389 741 cap.
400 676 491 727 xxxiii.
504 688 544 736 24,
557 677 596 734 28,
609 688 656 738 29:
674 675 768 725 Hosch.
780 690 806 724 x.
823 688 868 735 14:
888 691 947 737 cap,
959 677 1005 726 xii.
1019 673 1071 726 21¹1:
1099 677 1161 742 Joel
1169 678 1194 725 ii.
1205 688 1245 732 20;

264 746 346 869 2144nvop
347 759 382 871 av}
396 742 530 870 {152ss
546 741 580 791 vi.
597 753 635 801 13,
652 741 697 790 16:
715 740 784 790 Hal.
800 741 816 790 i.
832 754 862 800 3:
880 741 988 805 Haggor'
1000 742 1017 791 i.
1027 756 1052 801 4,
1067 757 1099 805 9:
1118 742 1193 792 Zach.
1205 742 1243 789 vii.

135 927 192 990 Ex
218 925 374 988 omnibus
404 923 455 986 his
481 921 566 985 locis
593 921 697 983 videri
727 930 843 1002 potest
876 920 956 1004 quid
991 921 1192 985 “vastatio‘'
1216 932 1245 983 et

136 1020 333 1084 “desolatio
344 1018 370 1095 ;”
393 1017 483 1100 quod
506 1036 574 1079 non
594 1017 638 1078 sit
657 1026 767 1079 terrae
785 1024 821 1078 et
844 1015 974 1078 urbium
994 1036 1014 1078 a
1034 1015 1177 1099 populis,
1194 1016 1246 1078 sed

135 1114 312 1178 Ecclesiae
334 1133 355 1175 a
380 1111 478 1175 bonis
500 1120 537 1174 et
563 1111 661 1185 veris,
686 1110 776 1173 unde
798 1129 866 1172 non
890 1111 952 1173 nisi
975 1131 1078 1192 quam
1104 1110 1192 1172 mala
1216 1121 1246 1172 et

134 1208 228 1273 salsa.

194 1375 261 1445 57.
290 1361 352 1439 (iv.)
376 1359 461 1430 duod
479 1365 609 1441 quanm
628 1363 732 1421 alatus
751 1358 840 1441 hujus
853 1358 1016 1422 Ecclesiae
1037 1359 1136 1423 iverit
1146 1360 1248 1422 Proit-

135 1453 219 1516 nuiio
232 1451 445 1524 sanctitatum,
458 1458 492 1513 ot
504 1457 577 1513 iuno
591 1449 658 1533 esua
671 1450 893 1534 consummatio
906 1469 965 1514 asu
976 1451 1247 1517 1101.—Vastatio

135 1560 170 1613 et
197 1548 444 1612 consummatio
467 1546 625 1610 differunt
655 1547 744 1608 inter
766 1566 803 1608 se
825 1547 1114 1627 quemadmodum
1138 1548 1248 1609 umbra

135 1664 296 1726 vesperae
320 1653 355 1705 et
378 1642 489 1723 caligo
513 1638 621 1704 noctis
644 1642 732 1703 inter
754 1661 810 1716 se;
841 1641 989 1702 vastatio
1012 1643 1104 1704 enim
1127 1653 1179 1705 est
1200 1663 1247 1704 re·

136 1739 244 1801 cessio
260 1737 303 1800 ab
319 1735 484 1809 Ecclesia,
501 1732 564 1798 at1¹¹
580 1736 828 1798 consummatio
844 1745 897 1796 est
916 1735 1068 1816 plenaria
1083 1738 1248 1818 separatio

135 1830 179 1892 ab
192 1829 259 1892 illa.
304 1828 464 1892 Vastatio
477 1831 589 1912 itaque
600 1841 652 1893 est
665 1832 752 1894 sicut
766 1829 874 1914 [dum]
887 1833 959 1914 quis
972 1852 991 1894 e
1004 1831 1102 1895 caelo
1112 1833 1247 1895 descen·

135 1924 184 1986 dit
201 1924 260 1986 sed
280 1943 347 1986 non
367 1944 471 2006 usque
489 1924 532 1986 ad
551 1924 725 1998 infernum,
742 1946 781 1987 ac
799 1936 947 1987 moratur
965 1927 998 1987 in
1018 1927 1143 2000 medio,
1160 1936 1249 1988 stans

136 2016 179 2077 ad
199 2026 375 2098 utrumque
394 2015 564 2091 lateralis;
599 2025 634 2078 at
658 2016 906 2078 consummatio
929 2026 982 2080 est
1006 2017 1086 2080 dum
1111 2019 1250 2099 quisita

136 2119 231 2171 stans
250 2110 419 2172 convertit
442 2130 478 2172 se
502 2109 583 2172 sacie
607 2120 642 2172 et
665 2107 802 2191 pectore
825 2110 867 2172 ad
891 2109 1068 2184 infernum,
1092 2132 1133 2175 ac
1157 2123 1250 2193 tergo

135 2212 171 2265 et
195 2205 352 2284 occipitio
371 2204 414 2266 ad
434 2204 585 2280 caelum;
613 2203 766 2266 similiter
784 2214 820 2266 ut
851 2201 974 2266 saelum
995 2215 1049 2268 est
1070 2226 1148 2269 cum
1168 2207 1249 2269 Dra·

134 2316 220 2359 cone
240 2307 274 2360 et
294 2296 363 2377 ejus
385 2298 516 2379 angelis
535 2299 614 2360 dum
636 2318 656 2360 e
674 2297 770 2360 caelo
793 2295 913 2378 dejecii
937 2309 1015 2361 sunt
1041 2297 1100 2381 (de
1124 2301 1248 2383 quibus

134 2391 165 2453 A
167 2402 237 2472 poc.
251 2391 323 2473 xii.)
338 2412 345 2453 :
369 2393 448 2454 dum
465 2393 661 2473 pugnabant
678 2411 754 2455 cum
769 2391 946 2463 Michaele‚
959 2393 993 2453 in
1010 2394 1123 2456 medio
1136 2404 1248 2470 erant;

135 2496 170 2549 at
187 2487 266 2549 dum
283 2485 437 2560 convicii,
457 2489 488 2548 in
508 2487 644 2548 inferno.
690 2486 851 2549 Vastatio
864 2485 900 2548 tit
917 2488 996 2548 dum
1013 2487 1119 2551 homo
1136 2487 1249 2552 sancta

136 2580 311 2642 Ecclesiae
328 2579 460 2662 spectat
480 2603 523 2643 ex
544 2582 634 2643 falsis
654 2591 688 2643 et
707 2581 889 2643 falsificatis
906 2583 1012 2658 veris;
1037 2593 1073 2645 at
1095 2604 1247 2646 consum·

135 2677 239 2737 matio
259 2675 295 2737 fit
316 2677 394 2737 dum
415 2677 495 2738 vivit
516 2678 548 2737 in
568 2675 664 2737 malis
684 2686 740 2738 aut
761 2678 793 2737 in
812 2677 1011 2739 adulteratis
1031 2678 1138 2741 bonis.
1185 2678 1248 2741 Sed

135 2779 171 2831 ut
188 2770 295 2831 adhuc
314 2771 501 2832 evidentius
514 2771 819 2851 comprehendatur
832 2771 1009 2832 discrimen
1027 2782 1062 2834 et
1079 2772 1248 2836 distinffio

135 2865 222 2926 inter
245 2875 371 2926 statum
397 2866 596 2927 vastationis
620 2875 654 2927 et
678 2875 804 2926 statum
826 2867 1138 2941 consummationis,
1159 2867 1247 2929 illus·

135 2960 278 3020 trabitur
297 2959 329 3020 id
350 2961 665 3039 comparationibus.
712 2958 827 3021 Status
847 2960 1047 3021 vastationis
1064 2965 1247 3042 comparari

135 3064 249 3133 potest
274 3073 348 3115 cum
373 3055 518 3134 quodam
543 3054 642 3115 horto
666 3074 723 3115 seu
747 3053 823 3116 luco
847 3055 968 3115 circum
994 3054 1171 3134 templum,
1196 3059 1247 3138 qui

135 3168 178 3209 ex
196 3148 287 3210 cultu
305 3148 427 3209 Divino
444 3149 476 3208 in
493 3147 622 3228 templo
640 3157 676 3208 ut
692 3145 919 3209 sandiificatus
935 3148 1114 3226 aspicitur;
1135 3151 1167 3211 in
1184 3172 1248 3232 quo

135 3253 212 3302 sunt
227 3243 405 3321 putatoria,
420 3242 576 3321 epularia,
591 3242 776 3311 saltatoria,
791 3261 829 3302 ac
847 3242 1040 3304 histrionica
1053 3252 1087 3304 et
1105 3245 1245 3313 mimica,

135 3355 209 3397 cum
233 3333 477 3416 spectatoribus
501 3337 532 3396 in
557 3335 675 3416 templi
699 3337 791 3396 atriis
814 3346 848 3397 et
872 3335 1045 3398 fenestris:
1080 3347 1117 3398 at
1141 3348 1247 3400 status

135 3431 435 3492 consummationis
459 3431 644 3511 comparari
672 3440 785 3510 potest
810 3430 918 3492 eidem
946 3431 1048 3492 horto
1075 3452 1134 3493 seu
1162 3433 1245 3503 luco,

134 3525 166 3586 iu
191 3546 256 3605 quo
280 3526 384 3604 satyri
407 3534 441 3586 et
466 3526 568 3605 priapi
593 3544 667 3586 cum
692 3526 812 3587 scortis
835 3536 869 3587 et
894 3526 983 3605 sagis
1007 3538 1097 3599 sunt,
1122 3537 1157 3588 et
1185 3527 1247 3589 hae

133 3638 209 3680 cum
237 3619 301 3680 illis
328 3620 361 3679 in
389 3619 512 3680 chorea
540 3621 668 3681 intrant
696 3619 872 3700 templum,
897 3640 935 3681 ac
964 3620 1102 3699 profana
1130 3621 1246 3684 festiva

134 3711 318 3783 celebrant,
337 3714 421 3775 sicut
443 3713 615 3792 Pythones
634 3714 666 3773 in
686 3715 752 3774 suis
768 3714 951 3775 sabbathis.
998 3712 1117 3776 Status
1134 3727 1245 3778 vasta-

134 3808 233 3868 tionis
258 3808 359 3868 etiam
385 3809 569 3887 comparari
598 3818 712 3888 potest
741 3827 815 3869 cum
844 3808 958 3870 hostili
985 3811 1142 3871 exercitu
1168 3812 1245 3872 dum

134 3902 290 3962 suburbia
318 3903 464 3963 civitatis
491 3903 649 3964 obsessae
681 3904 784 3964 intrat
812 3914 846 3964 et
877 3912 996 3982 regnat
1028 3904 1060 3963 in
1093 3904 1178 3981 illis;
1213 3917 1245 3967 at

133 4005 243 4056 status
267 3998 569 4057 consummationis
594 3998 778 4077 comparari
803 4006 916 4077 potest
940 4016 1015 4058 cum
1039 4000 1162 4061 eodem
1186 4021 1244 4062 ex·

133 4091 239 4152 ercitu
263 4091 341 4151 dum
365 4091 547 4153 demolitus
571 4102 622 4154 est
647 4112 775 4154 murum
801 4103 835 4154 et
863 4093 1046 4173 perrumpit
1075 4095 1107 4155 in
1133 4097 1244 4157 urbem

133 4194 167 4246 et
201 4184 411 4246 habitatores
441 4185 613 4248 devotioni
648 4187 716 4248 dat.
762 4185 878 4248 Status
909 4189 1110 4250 vastationis
1146 4191 1245 4252 etiam

133 4280 318 4359 comparari
343 4289 457 4360 potest
481 4300 555 4341 cum
580 4282 656 4342 navi
680 4302 778 4362 super
796 4282 942 4360 syrtibus
965 4291 1023 4343 aut
1047 4281 1153 4346 fundo
1176 4305 1244 4346 are·

133 4393 227 4446 noso,
251 4375 386 4454 quando
413 4375 456 4436 ibi
484 4386 670 4456 quassatur.
699 4396 737 4438 ac
765 4376 915 4438 educitur
942 4385 977 4437 et
1004 4377 1187 4452 inducitur,
1213 4387 1245 4440 et
