2776 5040
137 479 197 546 166
452 495 504 546 oe
525 494 630 547 uovn
653 493 927 547 manosotrux

133 673 224 738 sunt,
248 683 316 727 non
339 664 456 729 vident
480 666 543 729 nisi
565 685 666 748 quam
691 665 886 728 Humanum
913 667 946 727 in
971 663 1143 741 Domino;
1175 681 1249 727 cum

133 765 250 820 tamen
267 756 425 821 Divinum
442 768 477 822 et
496 759 691 822 Humanum
708 761 741 822 in
759 759 839 841 lpso
854 761 902 822 ita
918 760 1012 822 unita
1028 766 1110 821 suut
1127 767 1164 821 ut
1184 759 1249 820 sint

134 869 255 928 unum;
279 853 365 915 sicut
384 852 500 916 docuit
519 853 684 917 Dominus
703 855 807 917 etiam
826 853 905 915 alibi
924 853 1013 935 apud
1032 852 1235 926 Julianm

262 985 349 1042 Pater.
361 988 474 1036 “omnia
486 1001 547 1036 mea
558 997 604 1037 tua
615 997 685 1045 sunt,
697 997 724 1037 et
734 988 826 1037 omniu
838 996 884 1036 tua
893 985 976 1036 Μ’*
988 987 1062 1047 (xvii.
1076 986 1126 1047 10>

192 1114 292 1181 28⁶.
321 1115 422 1197 Quod
445 1116 612 1179 Dominus
629 1127 816 1198 conceptus
842 1117 886 1180 sit
915 1137 935 1179 a
958 1114 1117 1197 Jehovah
1135 1115 1246 1192 Patre,

134 1209 235 1272 etsie
254 1228 274 1271 a
293 1210 518 1289 conceptione
535 1209 638 1283 Deus,
660 1219 779 1272 notum
798 1219 852 1272 est
871 1210 904 1271 in
922 1208 1089 1282 ecclesia;
1109 1217 1146 1272 et
1164 1227 1246 1290 quo·

134 1320 199 1383 que
214 1302 304 1384 quod
322 1304 542 1365 resurrexerit
560 1321 635 1365 cum
655 1313 733 1366 toto
749 1322 900 1385 corpore,
918 1320 996 1365 nam
1014 1300 1097 1363 nihil
1113 1301 1245 1383 reliquit

134 1395 168 1458 iu
189 1394 364 1477 sepulcro;
391 1395 523 1478 dequo
546 1398 649 1460 etiam
672 1406 795 1478 postea
817 1394 1028 1459 confirmavit
1052 1395 1245 1476 discipulos,

135 1489 290 1564 dicendo,

184 1620 303 1671 “Videte
315 1636 410 1670 manus
420 1636 495 1671 meas
507 1631 535 1671 et
546 1621 628 1684 pedes
637 1636 720 1680 meos,
730 1622 800 1686 quod
814 1621 876 1685 Ipse
890 1620 948 1684 Ego
960 1622 1011 1670 sim
1023 1635 1029 1678 ;
1044 1620 1088 1683 pul
1126 1630 1153 1670 te
1166 1619 1248 1670 Meet

264 1686 369 1740 videte:
394 1701 456 1735 num
474 1687 584 1749 spiritus
597 1701 705 1736 carnem
718 1697 745 1737 et
762 1702 825 1737 ossa
839 1702 893 1736 non
908 1688 995 1745 habet,
1009 1687 1077 1735 sicut
1123 1701 1139 1735 e
1153 1684 1247 1734 uidetis

264 1751 362 1801 habere
370 1751 384 1769 ”
396 1751 469 1813 (Luc.
482 1753 551 1801 xxiv.
564 1754 621 1814 39);

136 1891 172 1946 et
188 1883 327 1946 tametsi
343 1883 403 1946 fuit
422 1882 538 1946 Homo
554 1883 664 1965 quoad
681 1903 817 1947 carnem
833 1893 870 1947 et
885 1903 974 1956 ossa,
988 1902 1093 1964 usque
1109 1881 1246 1944 intravit

136 1977 302 2058 perfores
320 1976 464 2049 clausas,
484 1996 523 2039 ac
547 1987 728 2059 postquam
748 1974 792 2041 Se
815 1977 1055 2050 manifestavit,
1076 1974 1248 2038 invisibilis
1311 2004 1315 2015 .

136 2067 243 2134 faetus
255 2079 308 2134 est
326 2069 422 2151 (Joh.
436 2091 497 2133 xx.
515 2087 561 2151 19,
576 2071 635 2146 26;
655 2069 732 2132 Luc.
746 2072 841 2133 xxiv.
855 2068 949 2151 ¹¹¹31).
982 2068 1087 2132 Secus
1103 2067 1142 2133 fit
1158 2069 1248 2131 omni

136 2163 276 2238 homini,
296 2162 401 2226 homo
423 2165 513 2227 enim
537 2164 640 2227 modo
662 2165 774 2246 quoad
798 2165 963 2247 spiritum,
986 2173 1022 2227 et
1046 2183 1115 2227 non
1138 2162 1248 2246 quoad

136 2276 258 2339 corpus
274 2258 417 2338 resurgit
433 2278 441 2328 ;
464 2277 567 2340 quare
586 2276 661 2320 cum
680 2258 769 2320 dixit
788 2257 878 2340 quod
898 2276 965 2320 non
985 2258 1029 2319 sit
1047 2258 1135 2321 sicut
1154 2256 1248 2338 spiri·

136 2360 203 2426 tus,
216 2351 305 2414 dixit
326 2350 417 2433 quod
434 2352 562 2414 nonsit
579 2352 665 2414 sicut
681 2352 766 2422 alius
781 2351 895 2415 homo.
940 2351 1025 2414 Inde
1041 2359 1139 2432 patet
1160 2349 1249 2433 quod

136 2445 239 2508 etiam
260 2445 455 2508 Humanum
475 2446 508 2508 in
529 2445 677 2508 Domino
697 2443 855 2508 Divinum
875 2445 929 2507 sit.

195 2540 288 2622 287.
317 2538 438 2603 Omnis
467 2540 573 2603 homo
598 2560 644 2602 ex
670 2549 768 2622 patre
794 2540 900 2603 habet
924 2558 1020 2601 suum
1047 2560 1123 2602 esse
1147 2541 1247 2612 vitae,

136 2632 226 2715 quod
255 2642 397 2695 vocatur
423 2634 536 2694 anima
560 2631 650 2714 ejus;
681 2633 831 2695 existere
857 2634 948 2695 vitae
974 2631 1052 2694 inde
1079 2642 1133 2695 est
1161 2631 1249 2715 quod

136 2735 277 2790 vocatur
292 2746 433 2808 corpus;
457 2727 536 2789 inde
552 2747 673 2808 corpus
692 2737 745 2789 est
764 2725 894 2808 effigies
911 2746 990 2788 suae
1009 2727 1154 2800 animae,
1172 2745 1249 2789 nam

136 2822 248 2883 anima
267 2841 326 2902 per
344 2820 426 2883 illud
449 2822 521 2902 agit
540 2822 646 2883 vitam
666 2840 760 2883 suam
780 2841 825 2883 ex
844 2830 937 2883 nutu.
984 2820 1067 2882 Inde
1087 2829 1140 2882 est
1160 2819 1249 2902 quod

136 2913 292 2978 homines
310 2925 493 2978 nascantur
516 2916 549 2977 in
573 2914 827 2977 similitudinem
847 2933 981 2977 suorum
1002 2923 1195 2995 parentum,
1214 2924 1249 2976 et

136 3008 226 3091 quod
244 3008 389 3072 familiae
408 3010 693 3072 internoscantur.
738 3007 874 3071 Exinde
892 3017 988 3089 patet
1004 3007 1104 3090 quale
1120 3006 1250 3089 Corpus

136 3123 196 3165 seu
211 3102 310 3184 quale
328 3102 521 3165 Humanum
540 3102 689 3166 Domino
705 3103 776 3176 fuit,
793 3104 883 3185 quod
901 3121 1022 3183 nempe
1038 3103 1125 3166 sicut
1142 3103 1250 3184 ipsum

138 3195 297 3259 Divinum
316 3197 405 3278 quod
425 3197 484 3259 suit
505 3196 590 3259 Esse
607 3198 697 3260 vitae
715 3197 823 3279 Ipsius
842 3217 901 3259 seu
919 3196 1046 3258 Anima
1064 3217 1110 3259 ex
1129 3196 1249 3275 Patre;

137 3309 240 3371 quare
259 3290 357 3363 dixit,

365 3423 439 3487 “Qui
452 3425 525 3473 ridet
539 3423 583 3473 Me
596 3424 669 3473 videt
682 3423 788 3473 Putrem
797 3422 812 3443 ’'
823 3421 897 3488 (Joh.
910 3423 962 3473 xiv.
974 3418 1010 3487 9).

196 3557 292 3623 288.
320 3557 422 3639 Quod
440 3559 599 3622 Divinum
613 3569 648 3622 et
662 3559 860 3622 Humanum
878 3559 1016 3621 Domini
1032 3560 1076 3622 sit
1092 3581 1161 3623 una
1176 3582 1251 3643 per·

137 3670 232 3727 sona,
250 3661 302 3714 est
319 3671 363 3714 ex
381 3650 444 3714 fide
461 3661 599 3733 recepta
614 3653 647 3714 in
666 3662 742 3715 toto
756 3650 949 3715 Christiano
965 3652 1056 3728 orbe,
1070 3672 1159 3734 quae
1175 3654 1251 3717 talis

80 3800 84 3812 .
138 3752 190 3808 est
203 3764 257 3807 :—

139 3873 306 3998 “guamvis
323 3875 460 3931 Christus
474 3887 520 3931 est
538 3875 619 3931 Deus
641 3886 672 3932 et
692 3875 802 3939 Homo,
817 3894 910 3948 usque
929 3887 1028 3933 tamen
1045 3893 1105 3933 non
1121 3890 1168 3935 est
1185 3881 1253 3942 duo.

138 3961 169 4000 se
201 3962 278 4000 unus
291 3945 441 4007 Christus:
467 3947 558 4000 immo
570 3958 616 4002 est
629 3964 749 4017 prorsus
764 3965 841 4002 unus
856 3960 886 4002 et
905 3948 993 4002 unica
1013 3948 1160 4009 Persona:
1185 3951 1254 4021 quia

138 4015 215 4069 sicut
230 4032 337 4085 corpus
354 4027 384 4069 et
402 4017 583 4071 animasum
601 4034 678 4071 unus
700 4018 800 4080 homo,
814 4018 856 4072 ita
874 4034 993 4089 quoque
1012 4017 1094 4074 Deus
1106 4029 1137 4074 et
1152 4019 1253 4075 Homo

138 4096 184 4140 est
196 4102 273 4140 unus
283 4085 445 4141 Christus.''

141 4220 235 4284 Haec
255 4241 274 4284 e
293 4218 458 4301 Symbolo
477 4222 669 4286 Athanasii.

198 4315 296 4397 289.
321 4315 388 4397 Qui
410 4317 452 4379 de
475 4317 666 4382 Divinitate
688 4320 801 4382 ideam
823 4321 924 4383 trium
947 4340 1170 4402 personarum
1193 4321 1254 4386 ha·

139 4409 233 4488 bent,
253 4432 321 4476 non
341 4424 483 4496 possunt
501 4415 612 4480 ideam
631 4418 727 4480 unius
746 4416 811 4481 Dei
829 4416 955 4481 habere
966 4438 976 4498 ;
1002 4418 1030 4482 si
1053 4438 1111 4482 ore
1135 4418 1253 4483 dicunt
