2776 5040
264 496 314 546 ur
337 496 420 563 usus
444 482 1006 564 oocrnruacnaunsr1.-N.76.
1159 480 1198 565 5'7

125 651 214 748 pluri
237 667 348 748 copia,
368 676 404 729 et
427 666 461 729 in
485 665 602 747 majori
625 667 744 748 gradu,
764 675 938 748 praestare
961 675 1100 749 potest:
1126 667 1197 730 tale

113 760 263 823 iminium
284 770 337 823 est
357 762 389 824 in
409 760 523 824 caelis.
568 760 693 843 Atqui
717 761 912 824 dominatur
930 781 975 824 ex
999 781 1115 824 amore
1133 763 1196 833 sui,

129 853 204 918 vult
236 855 319 917 nulli
349 855 487 929 bonum,
511 855 572 917 sed
602 855 712 917 solum
735 855 798 918 sibi
823 865 858 918 et
886 855 973 932 suis;
1006 876 1085 918 usus
1111 876 1197 938 quos

114 958 240 1023 aestat,
252 959 332 1012 sunt
348 960 487 1031 propter
502 951 552 1012 sui
569 948 734 1012 honorem
751 960 787 1013 et
804 950 958 1030 gloriam,
972 970 1059 1032 quae
1074 951 1105 1013 ei
1117 960 1197 1013 sunt

113 1041 137 1106 li
160 1064 263 1121 usus;
287 1045 412 1107 servire
438 1044 511 1106 aliis
535 1054 588 1107 est
615 1045 646 1106 ei
669 1054 810 1125 propter
832 1042 933 1107 linem
958 1054 995 1108 ut
1018 1046 1195 1121 serviatur,

114 1148 274 1212 moretur,
295 1147 330 1201 et
354 1138 568 1215 dominetur;
598 1137 707 1202 ambit
737 1138 926 1220 dignitates
957 1159 1026 1201 non
1056 1149 1197 1222 propter

114 1251 165 1295 ma
187 1253 274 1315 quae
298 1243 462 1314 praestet,
482 1232 543 1296 sed
567 1242 604 1296 ut
628 1233 661 1295 in
685 1234 872 1296 eminentia
894 1243 930 1296 et
953 1234 1063 1315 gloria
1086 1235 1141 1309 sit,
1161 1244 1198 1299 et

114 1326 202 1390 dein
218 1327 269 1389 sui
285 1327 396 1390 cordis
410 1326 569 1408 jucundo.

134 1430 205 1501 73·
234 1418 347 1481 Amor
372 1418 514 1482 dominii
543 1427 662 1483 manet
691 1419 796 1483 etiam
826 1419 1088 1502 unumquemvis
1117 1429 1198 1502 post

114 1512 236 1575 tamin
261 1511 410 1588 mundo;
438 1511 497 1574 sed
524 1512 580 1594 qui
606 1510 773 1574 dominati
801 1520 880 1574 sunt
908 1532 952 1574 ex
976 1531 1092 1575 amore
1114 1531 1197 1594 erga

113 1606 279 1678 oximum,
297 1604 363 1667 illis
387 1605 604 1669 concreditur
621 1606 726 1668 etiam
746 1606 937 1669 dominatio
955 1607 988 1669 in
1008 1604 1135 1683 caelis3
1159 1616 1196 1670 at

114 1718 157 1762 nc
171 1699 221 1763 illi
238 1719 306 1762 non
322 1700 550 1773 dominantur,
565 1700 624 1763 sed
641 1720 720 1762 usus
736 1710 771 1763 et
789 1699 879 1763 bona
894 1720 980 1782 quae
996 1709 1114 1764 amant
1128 1722 1135 1778 ;
1159 1709 1196 1765 et

116 1812 151 1856 m
183 1814 263 1856 usus
291 1804 327 1858 et
356 1794 458 1867 bona,
486 1795 681 1857 dominatur
711 1793 896 1856 Dominus:
931 1795 986 1877 qui
1016 1804 1131 1858 autem
1161 1796 1195 1859 in

114 1888 203 1951 undo
216 1889 382 1952 dominati
397 1899 476 1952 sunt
489 1910 533 1951 ex
547 1909 661 1952 amore
675 1891 735 1963 sui,
747 1889 795 1951 illi
809 1900 887 1971 post
900 1890 1007 1953 vitam
1021 1891 1054 1952 in
1067 1889 1197 1953 mundo

115 1992 154 2048 nt
173 1985 207 2047 in
223 1984 364 2057 inferno,
383 1995 417 2047 et
437 1984 481 2046 ibi
497 1985 576 2047 vilia
592 1985 771 2066 mancipia.

130 2088 202 2159 74.
238 2074 295 2136 Ex
325 2074 377 2137 his
407 2095 496 2138 nunc
525 2077 748 2157 cognoscitur
773 2076 912 2159 quinam
939 2077 971 2139 in
998 2095 1116 2139 amore
1144 2077 1196 2139 sui

115 2177 162 2231 nt.
209 2166 276 2231 Sed
297 2188 365 2230 non
385 2167 485 2230 refert
504 2168 650 2250 qualiter
668 2178 835 2249 apparent
855 2169 888 2230 in
909 2179 1054 2231 externa
1072 2168 1191 2241 forma,

116 2262 174 2326 vel
198 2263 280 2326 elati
302 2262 356 2326 vel
381 2263 557 2339 submissi;
590 2283 668 2325 nam
692 2263 776 2325 talia
798 2273 877 2325 sunt
901 2265 934 2326 in
958 2264 1109 2326 interiori
1132 2262 1195 2326 ho-

119 2377 174 2431 ne,
191 2365 227 2420 et
247 2357 386 2419 interior
405 2356 509 2420 homo
529 2377 548 2419 a
571 2357 740 2440 plerisque
759 2357 962 2430 occultatur,
980 2377 1019 2420 ac
1044 2358 1196 2420 exterior

115 2452 250 2516 struitur
265 2452 400 2514 mentiri
419 2450 477 2513 illa
496 2471 583 2533 quae
601 2452 725 2514 amoris
744 2451 869 2532 publici
888 2461 923 2515 et
941 2452 1087 2532 proximi
1103 2459 1194 2522 sunt,

115 2547 329 2619 ‚contraria;
354 2555 388 2607 et
406 2545 471 2607 hoc
488 2565 622 2627 quoque
638 2553 777 2627 propter
792 2565 848 2608 se:
873 2546 984 2608 sciunt
1001 2547 1090 2609 enim
1105 2547 1196 2629 quod

115 2658 191 2703 rare
214 2639 385 2721 publicum
409 2649 444 2703 et
468 2642 662 2721 proximum
685 2641 826 2703 interius
847 2639 974 2703 afficiat
1004 2659 1136 2715 omnes,
1159 2651 1195 2705 et

118 2734 167 2798 od
191 2742 325 2798 tantum
349 2744 507 2797 amentur
529 2744 564 2797 et
588 2735 833 2812 aestimentur;
857 2735 948 2817 quod
979 2733 1117 2810 afficiat,
1142 2744 1196 2799 est

116 2829 151 2893 ia
170 2828 304 2891 caelum
324 2830 357 2891 in
378 2828 472 2891 illum
492 2849 643 2892 amorem
663 2829 781 2892 influit,

128 2933 201 3004 75·
230 2919 323 2982 Mala
335 2940 422 3001 quae
434 2920 502 2982 illis
514 2929 594 2983 sunt
607 2921 663 3003 qui
679 2922 713 2983 in
725 2940 842 2983 amore
853 2921 915 2993 sui,
928 2930 1009 2984 sunt
1022 2922 1056 2983 in
1068 2940 1196 3002 genere

115 3022 295 3093 ntemptus
312 3012 465 3086 aliorum,
482 3013 619 3086 invidia,
637 3014 812 3077 inimicitia
829 3025 951 3077 contra
967 3014 1046 3076 illos
1061 3015 1116 3097 qui
1133 3014 1195 3077 sibi

116 3127 142 3170 n
169 3106 298 3180 favent,
319 3107 494 3169 hostilitas
523 3107 613 3179 inde,
634 3108 712 3171 odia
735 3109 816 3171 varii
841 3110 987 3190 generis,
1011 3105 1194 3183 vindictae,

116 3222 179 3276 :us,
194 3201 274 3275 doli,
288 3202 577 3277 immisericordia,
594 3212 629 3266 et
649 3203 853 3279 crudelitas;
877 3214 911 3267 et
933 3205 988 3266 ubi
1004 3203 1087 3268 talia
1103 3203 1195 3266 mala

116 3306 164 3371 nt,
182 3306 236 3359 est
253 3297 356 3359 etiam
373 3306 593 3379 contemptus
611 3297 734 3371 Divini,
749 3317 788 3360 ac
805 3299 994 3361 divinorum
1012 3307 1196 3381 quaesunt

116 3411 153 3455 ra
176 3401 211 3454 et
236 3392 325 3453 bona
349 3391 535 3467 ecclesiae;
559 3412 645 3474 quae
668 3393 696 3454 si
719 3392 904 3465 honorant,
925 3403 977 3455 est
1002 3392 1113 3455 solum
1137 3412 1196 3455 ore

130 3504 200 3548 non
224 3485 335 3548 corde.
381 3486 428 3548 Et
452 3487 530 3568 quia
549 3486 633 3549 talia
657 3486 748 3550 mala
771 3488 849 3551 inde
872 3498 966 3561 sunt,
986 3489 1091 3552 etiam
1114 3497 1195 3552 sunt

116 3579 195 3643 nilia
211 3578 305 3654 falsa,
324 3600 402 3643 nam
420 3602 464 3644 ex
484 3581 582 3644 malis
600 3591 679 3644 sunt
695 3581 790 3645 salsa.

133 3673 206 3756 7⁶.
236 3674 346 3736 Amor
366 3675 482 3738 mundi
506 3686 623 3739 autem
642 3687 695 3739 est
715 3675 804 3741 velle
823 3675 965 3740 aliorum
985 3697 1067 3759 opes
1090 3676 1133 3740 ad
1157 3697 1194 3741 se

116 3769 226 3832 rivare
244 3788 444 3851 quacunque
464 3779 548 3843 arte,
569 3789 609 3833 ac
632 3771 666 3833 in
685 3770 812 3833 divitiis
832 3790 890 3833 cor
909 3791 1047 3852 ponere,
1067 3780 1103 3833 et
1122 3772 1194 3852 pati

127 3863 276 3926 mundus
299 3863 453 3927 retrahat
478 3875 512 3927 et
537 3864 686 3929 abducat
705 3865 800 3927 illum
817 3866 861 3929 ab
880 3885 995 3928 amore
1015 3866 1192 3947 spirituali,

116 3958 126 4020 i
150 3967 206 4020 est
229 3977 325 4020 amor
342 3977 425 4038 erga
448 3959 654 4040 proximum,
674 3960 723 4023 ita
746 3981 767 4023 a
789 3959 897 4023 caelo.
943 3959 997 4023 Illi
1021 3960 1054 4022 in
1076 3979 1193 4023 amore

116 4051 189 4115 mdi
211 4062 292 4115 sunt
316 4054 372 4134 qui
396 4054 535 4135 cupiunt
559 4054 701 4117 aliorum
726 4054 817 4117 bona
839 4056 873 4117 in
900 4075 937 4117 se
960 4055 1113 4118 derivare
1136 4075 1196 4137 per

116 4147 180 4210 rias
198 4156 302 4219 artes,
320 4147 484 4229 imprimis
503 4148 559 4229 qui
578 4168 638 4229 per
654 4158 750 4211 astus
769 4157 804 4212 et
824 4148 934 4223 dolos,
954 4148 1048 4211 nihili
1067 4150 1194 4212 sacien-

117 4239 270 4304 rbonum
291 4242 448 4322 proximi.
491 4241 545 4304 Illi
564 4243 672 4324 quiin
691 4242 752 4306 illo
769 4262 886 4307 amore
905 4253 996 4317 sunt,
1013 4245 1192 4325 concupis·

117 4346 150 4401 nt
169 4336 314 4400 aliorum
334 4336 435 4410 bona,
450 4346 485 4400 et
504 4346 669 4420 quantum
688 4357 757 4400 non
774 4339 900 4401 timent
920 4337 1013 4419 leges
1030 4348 1065 4401 et
1081 4337 1193 4419 jactu·

117 4432 268 4496 nsamae
286 4441 427 4514 propter
445 4430 585 4508 lucrum,
597 4431 788 4515 deprivant,
806 4433 911 4496 immo
929 4432 1192 4516 depraedantur.
