2858 5046
326 532 375 584 ET
399 532 485 600 Ejus
505 531 704 584 DOCTRINA
726 532 998 598 contusus-fn.
1019 519 1086 583 168.
1230 536 1274 602 99

154 700 243 766 inde.
289 699 344 764 llli
359 700 414 784 qui
434 721 502 765 non
518 701 702 785 explorant
718 700 809 765 mala
823 702 1044 784 cogitationis
1060 711 1095 765 et
1111 699 1271 765 volunta-

154 795 199 857 tis
218 813 309 869 suae,
327 814 396 858 non
414 805 558 877 possunt
577 795 824 877 paenitentiam
840 814 953 877 agere,
967 814 1046 859 nam
1063 795 1220 878 cogitant
1235 804 1272 860 et

154 885 275 952 volunt
295 899 417 970 postea
435 890 521 954 sicut
541 891 632 973 prius
643 911 652 968 ;
675 897 712 954 et
735 900 853 954 tamen
871 890 960 955 velle
979 889 1071 954 mala
1089 899 1143 955 est
1160 889 1271 955 facere

153 981 222 1045 illa.
269 981 345 1047 Hoc
364 993 418 1047 est
435 983 618 1065 explorare
633 1003 681 1048 se.

213 1078 312 1161 165.
334 1077 552 1141 Paenitentia
567 1078 636 1141 oris
650 1089 686 1142 et
702 1096 771 1141 non
784 1079 876 1142 vitae
892 1097 961 1141 non
976 1089 1030 1142 est
1045 1079 1270 1161 paenitentia.

155 1167 217 1233 Per
240 1170 487 1250 paenitentiam
514 1169 582 1234 oris
609 1189 677 1232 non
704 1171 924 1233 remittuntur
947 1181 1101 1253 peccata,
1125 1170 1185 1232 sed
1211 1189 1272 1252 per

58 1343 59 1347 Ἰ
154 1263 403 1344 paenitentiam
415 1264 517 1327 vitae.
558 1262 796 1327 Remittuntur
808 1263 936 1326 homini
950 1265 1111 1327 continue
1126 1272 1270 1345 peccata

153 1375 174 1416 a
193 1355 353 1431 Domino,
371 1376 449 1419 nam
468 1367 522 1420 est
540 1357 614 1440 ipsa
632 1357 882 1434 misericordia;
906 1356 966 1420 sed
985 1368 1128 1440 peccata
1142 1356 1270 1420 adhae-

154 1459 230 1513 rent
249 1449 388 1525 homini,
400 1460 571 1531 utcunque
590 1460 688 1532 putat
705 1450 795 1532 quod
812 1451 951 1513 remissa
967 1451 1046 1523 sint,
1059 1470 1120 1513 nec
1137 1449 1181 1512 ab
1196 1451 1270 1532 ipso

154 1553 371 1607 removentur
384 1544 446 1607 nisi
461 1563 562 1626 quam
579 1563 639 1626 per
651 1544 757 1608 vitam
772 1545 958 1607 secundum
975 1554 1157 1626 praecepta
1169 1563 1270 1607 verae

154 1634 250 1714 fidei;
273 1647 439 1720 quantum
457 1638 642 1701 secundum
658 1637 716 1700 illa
732 1637 826 1711 vivit,
844 1647 978 1701 tantum
998 1648 1141 1719 peccata
1158 1657 1268 1700 remo·

153 1740 285 1806 ventur,
302 1741 339 1796 et
355 1741 520 1813 quantum
536 1741 755 1796 removentur
775 1741 909 1795 tantum
926 1733 1066 1794 remissa
1082 1740 1170 1794 sunt.

212 1829 313 1894 166.
341 1827 501 1892 Creditur
522 1829 614 1910 quod
636 1837 780 1911 peccata
801 1828 1055 1909 abstergantur,
1079 1848 1149 1901 seu,
1173 1829 1269 1910 quasi

154 1918 266 1983 solent
283 1920 401 1983 sordes
420 1920 525 2003 aquis,
542 1919 734 1994 abluantur,
749 1940 825 1984 cum
844 1922 1083 1998 remittuntur;
1108 1920 1169 1983 sed
1188 1938 1269 2002 pec·

154 2023 232 2075 cata
251 2032 319 2076 non
335 2013 588 2095 absterguntur,
604 2034 721 2077 verum
737 2024 973 2092 removentur;
998 2013 1062 2077 hoc
1082 2024 1146 2087 est,
1165 2014 1269 2078 homo

154 2105 326 2170 detinetur
345 2107 389 2170 ab
406 2106 471 2170 illis
490 2126 568 2171 cum
588 2118 723 2171 tenetur
741 2109 775 2170 ln
794 2108 884 2171 bono
903 2128 923 2170 a
943 2107 1109 2183 Domin0;
1137 2117 1172 2170 et
1192 2127 1268 2170 cum

155 2209 290 2263 tenetur
313 2200 346 2262 in
373 2201 475 2276 bono,
499 2211 643 2284 apparet
668 2203 755 2264 sicut
778 2201 905 2283 absque
929 2201 994 2264 illis
1024 2203 1078 2275 sit,
1104 2202 1152 2264 ita
1181 2202 1269 2266 sicut

153 2292 263 2357 forent
286 2293 462 2372 abstersa3
485 2305 521 2358 et
543 2295 648 2358 homo
671 2305 807 2358 tantum
824 2296 938 2358 teneri
962 2296 995 2357 in
1019 2295 1110 2358 bono
1127 2304 1267 2377 potest,

154 2397 317 2468 quantum
333 2388 544 2453 reformatur.
589 2388 774 2469 Quomodo
790 2389 895 2452 homo
914 2389 1123 2461 reformatur,
1137 2389 1270 2451 dicetur

153 2480 187 2543 in
204 2492 370 2564 sequente
393 2480 571 2546 dodlrinali
590 2483 632 2546 de
648 2484 918 2564 regeneratione.
966 2482 1032 2564 Qui
1051 2483 1158 2546 credit
1177 2481 1269 2565 quod

153 2573 253 2639 aliter
268 2577 487 2639 remittantur
502 2586 656 2658 peccata,
674 2576 818 2640 multum
837 2575 973 2641 fallitur.

211 2673 308 2754 167.
335 2671 442 2754 Signa
459 2673 551 2755 quod
569 2682 714 2755 peccata
731 2674 801 2736 sint
819 2675 971 2747 remissa,
988 2674 1053 2736 hoc
1072 2684 1137 2746 est,
1153 2690 1267 2735 remo·

154 2772 200 2838 ta,
218 2774 297 2828 sunt
313 2784 399 2846 quae
415 2774 600 2847 sequuntur
611 2765 856 2848 t-Percipiunt
868 2765 1052 2847 jucundum
1072 2766 1105 2827 in
1122 2763 1268 2827 colendo

155 2861 266 2926 Deum
296 2872 436 2946 propter
458 2861 581 2938 Deum,
605 2873 640 2929 et
672 2865 706 2926 in
734 2863 914 2927 serviendo
943 2863 1100 2946 proximo
1129 2873 1269 2946 propter

153 2959 356 3037 proximum,
381 2959 430 3020 ita
456 2958 489 3021 in
515 2957 672 3021 faciendo
698 2958 824 3021 bonum
851 2969 990 3040 propter
1017 2957 1155 3031 bonum,
1175 2967 1211 3022 et
1234 2959 1267 3020 in

153 3049 323 3132 loquendo
339 3070 454 3114 verum
473 3062 611 3133 propter
627 3072 763 3130 verum;
788 3051 909 3116 nolunt
929 3055 1046 3114 mereri
1067 3073 1125 3134 per
1140 3051 1267 3134 aliquid

152 3144 330 3208 charitatis
354 3156 389 3208 et
413 3143 502 3219 fidei,
519 3145 652 3226 lugiunt
671 3156 706 3210 et
730 3157 929 3210 aversantur
948 3146 1050 3221 mala,
1071 3157 1106 3210 ut
1127 3147 1267 3210 inimici·

152 3240 228 3316 tias,
248 3241 337 3314 odia,
357 3237 534 3313 vindidlas,
559 3238 737 3315 adulteria,
757 3250 792 3304 et
816 3242 906 3323 ipsas
930 3242 1160 3322 cogitationes
1190 3261 1267 3306 cum

152 3333 343 3398 intentione
372 3333 415 3397 de
442 3332 577 3397 talibus.
622 3330 728 3414 Signa
758 3344 874 3397 autem
904 3334 996 3417 quod,
1025 3344 1170 3417 peccata
1199 3354 1267 3399 non

152 3429 218 3493 sint
231 3429 382 3501 remissa,
394 3427 459 3492 hoc
472 3437 538 3500 est,
549 3437 692 3503 remota,
704 3437 782 3491 sunt
796 3448 882 3510 quae
892 3439 1077 3510 sequuntur
1088 3425 1267 3493 :-'Colunt

152 3521 262 3586 Deum
282 3541 350 3584 non
366 3531 505 3604 propter
519 3520 640 3595 Deum,
652 3532 687 3585 et
707 3523 858 3585 serviunt
873 3524 1030 3604 proximo
1044 3542 1112 3585 non
1129 3533 1268 3605 propter

152 3615 366 3696 proximum;
397 3617 446 3678 ita
473 3634 541 3678 non
569 3614 696 3680 faciunt
726 3615 851 3680 bonum
878 3627 913 3679 et
942 3616 1124 3698 loquuntur
1151 3635 1267 3680 verum

152 3719 291 3792 propter
310 3709 435 3772 bonum
454 3718 490 3771 et
509 3728 637 3781 verum,
655 3709 715 3772 sed
732 3722 872 3792 propter
890 3731 926 3774 se
941 3720 977 3774 et
1000 3711 1184 3787 mundum;
1208 3731 1269 3793 per

151 3801 239 3866 saeta
257 3802 377 3866 volunt
401 3803 541 3880 mereri;
565 3804 754 3885 percipiunt
778 3823 846 3867 non
869 3804 1084 3885 injucundum
1105 3805 1136 3866 in
1157 3805 1266 3878 malls,

152 3908 186 3963 ut
205 3899 239 3961 in
259 3897 444 3970 inimicitia,
457 3897 492 3959 in
510 3896 600 3973 odio,
614 3897 647 3960 in
660 3895 818 3972 vindidla,
832 3899 866 3960 in
884 3897 1071 3972 adulteriis,
1085 3907 1120 3961 et
1139 3918 1185 3961 ex
1200 3897 1268 3961 illis

151 3993 192 4055 de
210 3990 278 4054 illis
294 3993 327 4054 in
344 3991 435 4053 omni
453 3991 592 4054 licentia
612 3992 779 4073 cogitant.

212 4089 312 4155 168.
342 4089 555 4153 Paenitentia
568 4111 653 4172 quae
666 4089 704 4153 fit
723 4091 757 4153 in
774 4096 868 4153 statu
888 4090 994 4153 libero
1006 4091 1109 4164 valet,
1128 4099 1164 4155 at
1180 4111 1266 4172 quae

150 4183 186 4249 lit
209 4185 244 4247 in
266 4194 362 4247 statu
384 4182 506 4248 coadto
529 4203 597 4246 non
621 4183 725 4247 valet.
770 4183 890 4248 Status
913 4183 1022 4249 coadti
1049 4194 1128 4247 sunt
1154 4193 1267 4247 status

151 4278 268 4352 morbi,
286 4288 397 4341 status
419 4276 539 4359 dejecti
559 4279 662 4340 animi
680 4299 725 4341 ex
742 4278 934 4353 infortunio,
952 4287 1063 4341 status
1086 4278 1266 4340 imminen-

151 4375 193 4437 tis
218 4374 347 4447 mortis,
373 4383 447 4436 tum
470 4373 580 4435 omnis
609 4381 720 4436 status
751 4373 882 4436 timoris
908 4373 963 4455 qui
987 4372 1093 4435 demit
1124 4373 1266 4436 rationis

151 4487 255 4531 usum.
281 4464 347 4549 Qui
366 4466 476 4530 malus
492 4477 557 4543 est,
574 4476 610 4531 et
629 4467 662 4530 in
678 4476 773 4530 statu
789 4465 910 4531 coarto
926 4467 1171 4549 paenitentiam
1187 4465 1265 4550 pol·
