2776 5040
139 471 184 539 34
547 468 600 521 oa
620 466 854 521 crismam

137 637 354 720 buspublicis,
362 637 555 713 Provinciis,
563 636 777 713 Civitatibus,
787 635 1027 713 Societatibus,
1035 635 1268 720 superqurbus

137 733 177 795 iis
196 729 383 813 jurisdictio
397 742 451 796 est
466 733 499 795 in
515 731 677 796 civilibus
723 728 873 814 Quisque
888 751 934 795 ex
956 729 1023 795 illis
1038 732 1075 796 in
1089 751 1156 797 suo
1179 729 1265 799 loco.

137 826 165 888 si
180 823 313 907 spectat
329 827 373 890 ad
387 826 582 903 Dominum,
593 835 628 890 et
644 826 729 908 fugit
745 825 835 890 mala
847 834 884 889 ut
900 834 1055 906 peccata,
1067 845 1108 889 ac
1121 827 1264 900 sincere,

133 917 224 999 juste
246 931 282 985 et
298 919 443 985 fideliter
458 919 537 984 lacit
560 940 645 1001 opus
668 919 951 1001 supereminentis
973 915 1159 983 functionis
1173 940 1263 992 suae,

135 1012 216 1078 facit
249 1012 376 1077 bonum
399 1034 477 1077 usus
499 1015 671 1078 communi
692 1024 729 1078 et
762 1012 903 1094 singulis
924 1013 959 1076 in
981 1014 1157 1076 communi
1181 1032 1262 1077 con·

137 1107 275 1181 tinue,1¹1
292 1116 328 1172 et
349 1106 386 1171 fit
402 1108 550 1172 charitas
565 1109 599 1172 in
615 1108 740 1185 iorma;
763 1118 800 1172 et
815 1107 880 1171 hoc
896 1105 933 1170 fit
949 1107 1031 1170 dum
1047 1105 1155 1171 afficit
1169 1106 1260 1171 illum

136 1199 262 1264 bonum
273 1201 484 1265 subditorum
493 1211 551 1265 aut
561 1203 703 1278 civium;
719 1211 754 1264 et
764 1202 844 1265 dum
855 1201 920 1264 hoc
928 1199 1033 1265 afficit
1041 1199 1151 1276 illum,
1159 1199 1259 1265 afficit

135 1292 241 1368 illurn,
251 1313 402 1358 unacum
415 1296 622 1376 sapientibus
633 1305 669 1359 et
682 1295 880 1359 timentibus
893 1293 1015 1367 Deum,
1023 1295 1157 1359 sancire
1169 1294 1258 1376 leges

136 1406 225 1462 usus,
242 1389 433 1468 prospicere
449 1398 486 1452 ut
508 1400 695 1463 serventur,
711 1398 748 1452 et
770 1389 883 1452 vivere
904 1388 968 1452 sub
989 1386 1055 1451 illis
1078 1389 1236 1469 primario
1247 1409 1255 1463 ;

136 1488 209 1545 tum
225 1480 405 1562 praeficere
419 1483 572 1547 coetibus
587 1483 651 1547 sub
663 1503 701 1546 se
716 1481 893 1546 officiarios
914 1480 1151 1563 intelligentes
1165 1493 1202 1547 et
1215 1483 1255 1545 si·

136 1573 206 1638 mul
228 1574 498 1650 benevolentes,
515 1595 674 1658 perquos
695 1577 759 1640 sub
780 1575 850 1657 ejus
872 1575 1022 1655 auspicio
1040 1573 1203 1655 judicium
1222 1586 1254 1638 et

132 1666 265 1749 justitia
297 1679 429 1750 regnet,
459 1689 499 1732 ac
533 1689 713 1733 commune
745 1669 872 1733 bonum
901 1667 1027 1750 jugiter
1059 1667 1253 1750 perficiatur.

136 1759 312 1844 Spectabit
343 1782 379 1825 se
404 1772 440 1825 ut
467 1782 659 1844 supremum
686 1764 721 1828 in
746 1764 863 1827 ordine
894 1763 1151 1826 inservientium
1176 1761 1251 1835 aliis,

136 1857 242 1921 etsie
265 1875 334 1920 non
357 1865 393 1919 ut
417 1867 530 1937 caput,
551 1858 709 1939 quoniam
732 1867 835 1938 caput
857 1857 950 1919 ducit
972 1857 1089 1919 omnia
1111 1856 1251 1937 corporis

136 1951 186 2012 sui
201 1971 246 2013 ex
262 1969 377 2013 amore
392 1960 428 2013 et
444 1952 610 2032 sapientia
625 1952 659 2015 in
675 1972 732 2028 se,
756 1971 795 2014 ac
809 1950 920 2014 Amor
931 1959 967 2013 et
983 1948 1160 2030 Sapientia
1174 1951 1208 2015 in
1221 1969 1251 2014 se

136 2054 190 2108 est
205 2043 298 2108 solus
312 2044 490 2119 Dominus,
506 2065 527 2108 a
543 2043 621 2126 Quo
635 2047 739 2109 etiam
754 2044 811 2109 ille
827 2053 864 2109 ut
879 2064 995 2107 servus
1010 2044 1165 2108 ducetur.

83 2212 89 2225 ‘
139 2212 192 2280 [3.]
221 2211 339 2267 charitas
349 2213 420 2281 opud
431 2211 572 2267 Officiurioe
583 2212 632 2266 aut
643 2211 703 2266 illie.

199 2329 263 2394 Per.
276 2329 452 2395 officiarios
467 2332 529 2394 sub
545 2331 798 2412 magistratibus
814 2329 1049 2411 intelliguntur
1064 2329 1121 2412 qui
1135 2330 1180 2394 ab
1193 2327 1257 2392 illis

135 2421 294 2505 praefecti
316 2435 395 2489 sunt
410 2426 563 2489 coetibus
578 2425 622 2488 ad
645 2425 838 2489 obeundum
854 2425 962 2486 varias
984 2420 1176 2488 functiones
1199 2443 1263 2486 nee

135 2519 296 2581 cessarias
312 2529 347 2582 et
364 2518 471 2582 utiles.
517 2517 665 2600 Quisque
679 2540 723 2581 ex
737 2518 811 2591 illis,
825 2520 852 2580 si
865 2515 996 2599 spedtat
1013 2518 1056 2580 ad
1073 2517 1259 2581 Dominum

135 2622 169 2675 et
192 2613 276 2694 sugit
299 2612 389 2675 mala
406 2623 442 2676 ut
466 2623 617 2693 peccata,
634 2632 672 2675 ac
690 2614 829 2687 sincere,
841 2611 931 2694 juste
953 2621 989 2675 et
1012 2610 1159 2677 fideliter
1178 2611 1259 2674 lacit

134 2727 218 2787 opus
241 2705 340 2770 officii
363 2707 422 2780 sui,
440 2705 477 2769 fit
500 2707 647 2769 charitas
670 2708 702 2768 in
725 2707 853 2783 lorma3
876 2707 954 2788 quia
971 2706 1050 2768 lacit
1073 2705 1164 2768 bona
1180 2724 1255 2766 usus

134 2801 303 2874 continue,
321 2800 401 2862 dum
424 2801 457 2862 in
473 2798 584 2862 officio
599 2810 664 2874 est,
681 2809 715 2863 et
739 2820 872 2882 quoque
893 2800 971 2861 dum
989 2799 1107 2861 nonin
1123 2798 1253 2874 offici0;

134 2894 257 2957 insidet
273 2895 363 2956 enim
380 2904 460 2957 tunc
477 2895 590 2957 animo
608 2894 678 2975 ejus
696 2891 828 2957 assediio
844 2893 996 2969 faciendi,
1008 2902 1043 2955 et
1060 2891 1197 2956 affedtio
1211 2892 1255 2955 fa·

134 2988 243 3051 ciendi
259 2988 349 3050 bona
365 3008 442 3050 usus
458 2998 511 3051 est
528 2989 674 3051 charitas
690 2989 723 3051 in
739 3008 799 3050 sua
815 2989 895 3050 vita.
926 2986 1026 3049 Illum
1042 2985 1149 3050 afficit
1165 3006 1251 3062 usus,

133 3091 168 3144 et
185 3101 253 3144 non
270 3081 378 3144 honor
391 3083 452 3144 nisi
468 3091 607 3162 propter
622 3101 728 3144 usum.
767 3081 831 3145 Est
847 3081 1017 3163 quoddam
1034 3081 1145 3143 minus
1161 3099 1254 3144 com·

134 3195 233 3238 mune
257 3175 382 3238 bonum
398 3176 461 3238 sub
482 3178 601 3258 quovis
617 3175 788 3249 officiario,
805 3175 990 3237 secundum
1014 3175 1252 3238 extensionem

134 3270 280 3332 muneris
303 3268 382 3349 ejus,
405 3270 495 3350 quod
527 3270 782 3333 subordinatum
805 3279 858 3332 est
890 3267 1006 3349 majori
1036 3277 1072 3330 et
1104 3269 1254 3331 maximo

134 3363 303 3426 communi
326 3363 426 3436 bono,
443 3365 533 3444 quod
556 3374 609 3427 est
635 3364 745 3444 Regni
761 3373 819 3427 aut
844 3361 1073 3443 Reipublicae.
1118 3358 1254 3425 Officia·

134 3457 200 3518 rius
213 3457 266 3537 qui
279 3466 332 3520 est
346 3457 492 3520 charitas
505 3457 650 3521 consulit
665 3459 783 3520 minori
797 3457 967 3520 communi
983 3457 1084 3529 bono,
1097 3457 1190 3537 quod
1203 3467 1253 3518 est

133 3546 301 3628 [²¹spartae
325 3551 404 3630 ejus,
414 3561 449 3613 et
463 3553 509 3614 sic
523 3551 638 3632 majori
651 3560 686 3614 et
700 3552 863 3625 maximo,
875 3551 953 3612 dum
967 3552 1107 3623 sincere,
1117 3548 1208 3630 juste
1220 3558 1254 3612 et

134 3641 278 3706 fideliter
290 3643 368 3707 lacit
384 3664 480 3707 suum
493 3665 587 3725 opus.
626 3646 805 3708 Praeterea
818 3643 924 3706 simile
937 3652 990 3706 est
1006 3662 1082 3705 cum
1095 3643 1255 3707 officiario

133 3738 220 3799 sicut
243 3757 319 3800 cum
343 3740 553 3819 magistratu,
570 3740 612 3802 de
636 3740 705 3821 quo'
721 3736 835 3802 adium
858 3748 922 3811 est,
940 3736 1043 3799 modo
1058 3756 1136 3799 curn
1162 3737 1253 3801 diffe-

134 3831 343 3911 rentiaquae
367 3842 419 3894 est
446 3833 534 3895 inter
561 3833 666 3913 majus
692 3843 727 3896 et
755 3834 874 3905 minuS,
891 3831 998 3894 latum
1024 3840 1060 3893 et
1089 3829 1253 3905 strictum,

134 3935 315 3986 extensum
331 3926 373 3987 ad
390 3946 468 3988 usus
484 3927 516 3988 in
533 3946 657 4009 genere
673 3937 708 3989 et
725 3936 907 3990 extensum
920 3925 963 3987 ad
980 3944 1057 3987 usus
1073 3925 1107 3987 in
1120 3926 1254 4006 specie;

134 4027 269 4099 praeter
283 4019 372 4099 quod
388 4019 452 4082 hoc
469 4021 617 4101 pendeat
633 4022 676 4084 ab
692 4020 760 4095 illo,
777 4021 864 4083 sicut
879 4018 1088 4081 famulitium.

138 4183 190 4247 [4.]
219 4183 337 4237 Charitas
348 4185 542 4252 upuddudr'cea.

198 4308 233 4373 Si
256 4309 413 4390 spediant
429 4312 471 4374 ad
496 4312 677 4375 Dominum
693 4322 729 4376 et
751 4311 882 4394 fugiunt
898 4309 988 4374 mala
1002 4319 1040 4374 ut
1057 4320 1201 4391 peccata
1216 4329 1254 4376 ac

134 4403 261 4468 faciunt
271 4403 395 4485 judicia
406 4404 567 4486 justitiae,
583 4404 667 4471 fiunt
687 4406 872 4471 charitates
891 4405 1057 4482 informa,
1073 4407 1153 4488 quia
1166 4405 1255 4471 bona
