2776 5040
486 541 537 594 ΒΕ
559 542 789 629 cunnum.
1156 547 1195 618 17

68 718 129 774 est
152 709 282 774 bonum
306 709 495 790 internum;
521 710 586 775 hoc
611 721 727 793 potest
750 733 825 775 esse
851 711 986 790 malurn,
1012 713 1102 797 quod
1126 734 1194 781 non

71 804 260 867 amandum
276 814 338 867 est.

140 899 274 964 Bonum
290 900 387 965 civile
403 911 456 965 est
478 902 604 965 bonum
626 903 716 966 vitae
732 903 917 967 secundum
940 903 1035 986 leges
1057 905 1193 985 civiles3

74 1001 110 1055 et
128 993 199 1075 ejus
215 996 358 1075 primum
374 1005 409 1058 et
425 995 689 1071 fundamentum,
703 997 792 1078 quod
805 1007 857 1060 est
874 1017 941 1061 non
958 1019 1059 1080 agere
1075 1011 1195 1065 contra

75 1085 152 1149 illas
168 1087 273 1169 leges,
290 1099 342 1152 est
359 1099 496 1170 propter
512 1109 647 1170 poenas.
693 1088 727 1153 Si
749 1091 782 1153 in
803 1090 862 1155 illo
876 1090 968 1155 bono
984 1113 1051 1156 non
1067 1094 1110 1158 sit
1133 1095 1194 1158 bo·

75 1198 157 1243 num
170 1181 308 1257 morale,
322 1193 356 1246 et
369 1184 402 1245 in
415 1183 478 1246 hoc
491 1182 616 1247 bo'num
629 1184 810 1265 spirituale,
824 1204 892 1248 non
905 1195 957 1248 est
967 1186 1056 1249 aliud
1069 1186 1194 1251 bonum

75 1292 178 1354 quam
199 1275 323 1338 bonum
346 1275 501 1351 animale,
525 1277 558 1339 in
581 1297 648 1358 quo
670 1287 747 1340 sunt
770 1277 910 1356 bestiae,
933 1279 1012 1342 dum
1036 1290 1195 1344 tenentur

69 1364 254 1432 1¹1inclusae
270 1379 328 1432 aut
340 1367 484 1444 vinetae,
497 1390 579 1453 erga
594 1369 670 1433 illos
683 1371 737 1452 qui
753 1371 835 1434 dant
848 1371 912 1434 illis
928 1373 1049 1449 cibum,
1065 1364 1126 1437 aut
1139 1375 1194 1456 qui

72 1455 348 1542 illas1²1puniunt,
364 1473 422 1526 aut
438 1464 492 1544 qui
511 1463 575 1526 illis
590 1463 859 1527 adblandiuntur.

139 1559 238 1624 Haec
261 1563 350 1625 bona
365 1563 463 1627 discit
486 1563 589 1626 homo
611 1564 644 1625 in
668 1564 774 1644 prima
794 1563 932 1628 infantia
947 1586 991 1628 ex
1009 1565 1194 1648 Decalogo.

68 1652 190 1736 Leges
207 1654 370 1737 Decalogi
388 1655 471 1720 fiunt
487 1657 628 1738 primum
652 1656 746 1739 leges
761 1657 886 1732 civiles,
903 1668 1024 1740 postea
1039 1659 1193 1736 morales,

64 1758 105 1812 et
125 1748 266 1812 demum
281 1749 480 1830 spirituales,
496 1760 530 1814 et
547 1760 626 1814 tunc
643 1749 732 1814 bona
747 1749 830 1814 fiunt
847 1752 987 1833 primum
1011 1753 1100 1816 bona
1114 1754 1194 1817 cha·

63 1842 197 1917 ritatis,
214 1842 397 1905 secundum
412 1843 546 1925 gradus

138 1939 220 2022 Ipsa
235 1940 381 2004 charitas
396 1939 528 2023 speetat
545 1942 685 2023 primum
701 1943 827 2005 bonum
843 1943 974 2007 animae
990 1943 1143 2023 hominis,
1159 1955 1194 2008 et

59 2042 168 2096 amat
183 2032 276 2108 illud,
290 2035 366 2116 quia
382 2053 441 2115 per
456 2035 489 2097 id
505 2034 543 2098 fit
555 2032 745 2115 conjunelio
758 2057 765 2113 3
788 2047 908 2116 postea
921 2034 1052 2118 speetat
1069 2036 1193 2101 bonum

57 2125 205 2191 morale
221 2126 302 2208 ejus,
319 2137 354 2190 et
376 2137 468 2191 amat
484 2128 566 2191 illud
583 2129 668 2192 sicut
692 2128 827 2192 moralis
843 2130 925 2192 vivit
941 2129 1123 2194 secundum
1140 2151 1192 2194 ra·

56 2221 177 2285 tionis
194 2217 453 2301 perfeetionem3
474 2232 512 2286 et
528 2221 647 2285 ultimo
661 2219 794 2304 spettat
810 2222 934 2286 bonum
950 2222 1057 2297 civile,
1074 2243 1193 2286 secun·

54 2317 154 2378 dum
177 2315 269 2397 quod
291 2314 394 2379 homo
417 2325 469 2379 est
492 2335 605 2379 secum
629 2316 661 2378 in
685 2316 820 2378 mundo.
866 2315 927 2379 Per
949 2317 1073 2379 bonum
1097 2317 1193 2381 civile

53 2409 179 2473 horno
195 2418 248 2472 est
264 2408 367 2471 homo
382 2409 516 2487 mundi;
540 2409 723 2472 secundum
739 2410 864 2472 bonum
880 2408 1006 2472 morale
1022 2410 1124 2472 homo
1140 2420 1193 2474 est

54 2502 179 2566 horno
191 2502 479 2582 supramundanus
492 2508 526 2566 et
539 2502 779 2566 insracoelestis
792 2504 800 2580 ζ
824 2513 858 2566 at
872 2503 1054 2566 secundum
1067 2504 1192 2567 bonum

53 2594 248 2678 spirituale
271 2595 373 2658 homo
395 2606 447 2660 est
470 2596 572 2660 homo
595 2596 680 2660 coeli
703 2617 761 2659 seu
784 2595 933 2678 angelus.
979 2595 1194 2661 Consociatio

53 2694 221 2758 hominis
237 2712 313 2756 curn
329 2694 464 2757 homine
480 2693 517 2758 fit
540 2714 600 2776 per
621 2694 685 2758 hoc
709 2695 845 2768 bonum,
862 2703 897 2757 et
914 2705 994 2757 tunc
1010 2695 1193 2758 secundum

51 2787 200 2871 gradus
216 2806 275 2869 per
290 2787 379 2850 bona
394 2787 582 2851 inferiorum
598 2788 771 2870 graduum.
817 2787 878 2851 Per
894 2787 1071 2869 exempla:
1096 2789 1195 2852 datur

52 2887 180 2952 homo
195 2885 384 2966 spiritualis,
401 2886 455 2968 qui
472 2887 557 2949 bene
572 2885 644 2949 vult
661 2895 695 2949 et
712 2905 780 2949 non
800 2884 886 2948 bene
902 2885 1073 2967 intelligit,
1089 2896 1123 2949 et
1139 2887 1194 2963 qui

57 3004 143 3049 non
160 2984 248 3046 bene
264 2983 424 3065 intelligit
440 3003 508 3046 non
528 2983 614 3047 bene
630 2982 719 3058 iacit,
736 2984 783 3046 ita
798 2984 856 3045 vix
873 2993 925 3046 est
940 2982 1075 3046 moralis
1091 2993 1193 3046 ratio·

52 3081 181 3159 nalis3
205 3091 240 3145 et
263 3082 318 3163 qui
340 3080 426 3145 bene
449 3081 607 3163 intelligit
628 3090 663 3145 et
681 3101 749 3144 non
772 3080 858 3144 bene
874 3080 956 3156 vult,
974 3081 1026 3144 hic
1051 3101 1118 3144 non
1141 3091 1194 3146 est

51 3179 261 3246 secundum
277 3177 485 3243 intellet'tum
502 3179 696 3261 proximus;
720 3188 755 3242 at
778 3179 833 3261 qui
850 3198 917 3242 non
937 3177 1023 3241 bene
1040 3178 1122 3255 vult,
1139 3188 1193 3243 ut·

51 3293 207 3356 cunque
223 3273 309 3335 bene
325 3272 494 3354 intelligit,
513 3292 580 3336 non
596 3282 648 3336 est
666 3273 848 3354 proximus.

137 3370 267 3445 Verbo,
283 3370 440 3434 voluntas
455 3369 533 3434 lacit
549 3370 750 3452 proximum,
765 3389 804 3434 ae
820 3367 1014 3433 intelleAEtus
1030 3378 1193 3453 quantum

49 3476 127 3532 est
144 3464 341 3529 voluntatis.

45 3679 98 3733 δ.
126 3677 203 3735 Quod
216 3677 307 3731 ionum
318 3675 435 3728 inter-nuo
448 3675 586 3728 noluntaria
596 3674 632 3728 nit
646 3673 780 3742 proximus
790 3672 836 3740 qui
849 3674 983 3732 amundus,
996 3678 1024 3726 et
1033 3688 1083 3726 non
1100 3674 1192 3727 tonum

176 3748 299 3796 amnuo
311 3741 456 3800 volumnus,
468 3741 521 3794 nisi
529 3742 577 3793 noe
588 3740 700 3830 eumilo
712 3755 789 3792 unum
802 3739 872 3792 lucit.

139 3886 204 3951 Est
216 3886 373 3950 voluntas
385 3887 517 3949 interna
529 3894 564 3949 et
576 3884 732 3947 voluntas
744 3893 907 3961 externa3
926 3882 1077 3946 similiter
1090 3882 1192 3947 intel-

47 3976 193 4047 lestus.

138 4076 309 4141 Voluntas
332 4076 463 4140 interna
485 4071 754 4155 conjune'tionem
783 4073 886 4137 habet
916 4093 991 4137 cum
1021 4070 1129 4147 coelo,
1156 4081 1192 4137 et

47 4172 234 4236 voluntas
249 4180 393 4234 externa
408 4188 483 4233 cum
500 4167 635 4231 mundo.

139 4267 249 4333 Omne
266 4269 391 4331 bonurn
407 4277 459 4330 est
474 4265 680 4344 voluntatis3
704 4275 739 4328 et
754 4265 862 4347 ipsum
877 4265 1001 4326 bonum
1018 4261 1192 4325 charitatis

54 4374 131 4426 est
146 4362 270 4426 bonum
287 4360 473 4424 voluntatis
489 4360 651 4423 internae.

142 4457 262 4525 Solent
278 4460 423 4542 separari
439 4457 496 4521 illa
512 4457 600 4540 apud
616 4456 797 4535 hominem,
813 4465 849 4535 et
871 4453 1018 4517 maxime
1033 4470 1192 4536 separan-
