2776 5040
152 432 196 500 90
473 429 653 483 Danova
676 428 950 483 masosoauun

151 608 317 683 quantum
336 608 418 664 tunc
438 619 506 663 non
525 610 618 664 amat
638 600 763 664 malum
783 609 819 664 et
837 599 969 676 falsum,
989 608 1129 664 tantum
1153 598 1270 663 Domi·

152 713 216 756 nus
238 692 297 757 illa
318 693 503 775 implantat
526 695 633 757 amori
654 704 690 758 et
713 694 884 758 voluntati
905 693 986 774 ejus,
1003 694 1053 759 ita
1071 695 1168 758 vitae
1191 692 1270 775 ejus,

152 796 188 851 et
217 787 265 851 sic
296 806 372 851 eum
403 787 572 852 reformat.
618 786 720 870 Quod
749 789 971 852 inseminatur
997 788 1030 852 in
1061 786 1182 861 libero,
1207 787 1269 851 hoc

152 900 285 964 quoque
309 891 446 959 manet;
477 891 513 945 at
539 882 630 965 quod
653 882 875 945 inseminatur
897 883 931 945 in
954 879 1086 956 coacto,
1107 881 1175 946 hoc
1204 901 1271 944 non

153 985 281 1050 manet,
294 976 373 1058 quia
388 972 543 1039 coaflum
559 995 627 1038 non
644 986 698 1039 est
717 997 762 1039 ex
778 976 959 1041 voluntate
974 976 1134 1050 hominis,
1149 976 1211 1039 sed
1227 995 1272 1038 ex

151 1067 332 1133 voluntate
351 1067 421 1150 ejus
444 1069 500 1151 qui
519 1071 624 1151 cogit.
669 1069 753 1133 Inde
774 1070 878 1134 etiam
901 1079 956 1133 est
978 1069 1069 1153 quod
1092 1068 1208 1133 cultus
1226 1088 1272 1133 ex

152 1162 260 1226 libero
278 1163 414 1244 placeat
434 1163 594 1239 Domino,
615 1182 683 1226 non
702 1174 817 1228 autem
837 1164 948 1228 cultus
966 1185 1011 1227 ex
1031 1161 1175 1241 εοαᾶος
1199 1162 1270 1227 cul·

151 1266 208 1320 tus
224 1258 313 1321 enirn
330 1279 375 1321 ex
393 1258 499 1322 libero
514 1268 568 1320 est
587 1258 699 1321 cultus
711 1278 756 1322 ex
769 1278 896 1334 amore,
909 1268 946 1322 at
958 1257 1070 1322 cultus
1084 1278 1130 1321 ex
1150 1256 1271 1323 coacto

152 1371 221 1416 non
240 1353 298 1415 ita.

212 1464 310 1533 144.
334 1447 496 1512 Liberum
512 1448 658 1512 faciendi
673 1447 813 1523 bonum,
825 1459 862 1512 et
877 1447 1020 1511 liberum
1036 1447 1183 1512 faciendi
1197 1466 1271 1513 ma·

151 1539 234 1616 lum,
251 1540 343 1604 inter
359 1560 398 1604 ee
414 1550 553 1606 tanturn
574 1539 735 1603 differunt
755 1558 796 1603 ac
818 1539 963 1614 distant
977 1539 1137 1622 quantis
1153 1541 1190 1602 in
1208 1560 1271 1603 ex-

152 1645 252 1699 terna
263 1634 376 1717 specie
388 1634 509 1699 similia
521 1644 698 1718 apparent,
707 1642 872 1716 quantum
884 1632 1016 1697 caelum
1032 1644 1068 1698 et
1085 1633 1271 1712 infernum;

153 1737 208 1792 est
229 1748 363 1812 quoque
386 1728 528 1793 liberum
552 1728 695 1791 faciendi
718 1727 845 1791 bonum
872 1748 918 1791 ex
941 1726 1049 1802 caelo,
1069 1737 1106 1792 et
1128 1738 1273 1793 vocatur

154 1821 295 1886 liberum
314 1822 484 1900 caeleste;
508 1832 545 1886 at
565 1821 706 1885 liberum
725 1820 868 1884 faciendi
887 1819 1015 1884 malum
1033 1830 1088 1885 est
1106 1842 1151 1885 ex
1171 1822 1272 1885 infer·

153 1934 209 1992 no,
234 1925 270 1980 et
292 1926 435 1980 vocatur
457 1916 599 1980 liberum
626 1915 807 1979 infernale:
840 1925 1005 1997 quantum
1032 1916 1137 1978 etiam
1167 1915 1274 1980 homo

152 2019 207 2074 est
226 2010 259 2073 in
282 2029 360 2085 uno,
381 2020 516 2074 tantum
535 2030 603 2073 non
622 2018 677 2073 est
699 2009 733 2071 in
752 2008 882 2086 alter03
909 2027 1011 2072 nemo
1029 2010 1120 2072 enim
1140 2011 1274 2073 duobus

152 2104 299 2168 dominis
326 2106 450 2169 servire
476 2114 593 2187 potest
619 2102 757 2186 (Mattlr.
774 2104 816 2167 vi.
841 2101 918 2187 24):
949 2103 1041 2187 quod
1064 2104 1171 2167 etiam
1193 2106 1274 2170 inde

153 2208 261 2283 patet,
278 2198 369 2282 quod
388 2199 444 2280 qui
462 2200 497 2262 in
516 2199 623 2262 libero
641 2197 795 2261 infernali
813 2208 904 2273 sunt,
921 2197 1065 2261 credant
1083 2198 1176 2280 quod
1200 2219 1274 2263 ser·

153 2311 233 2355 vum
255 2302 292 2356 et
315 2291 472 2356 canlum
495 2293 539 2356 sit
564 2312 632 2355 non
656 2291 758 2356 licere
779 2291 869 2356 velle
895 2291 1022 2355 malum
1052 2302 1088 2355 et
1118 2293 1275 2375 cogitare

153 2385 274 2450 falsum
293 2407 339 2451 ex
358 2386 486 2466 lubitu;
510 2397 547 2451 at
565 2387 657 2470 quod
675 2387 730 2467 qui
749 2387 782 2448 in
803 2386 909 2450 libero
927 2385 1069 2450 caelesti
1085 2398 1176 2462 sunt,
1194 2388 1275 2452 hor·

153 2490 251 2545 reant
270 2480 361 2546 velle
380 2480 506 2544 malum
525 2491 561 2545 et
580 2482 733 2563 cogitare
752 2480 884 2555 falsum,
903 2490 940 2544 et
959 2480 987 2543 si
1004 2492 1212 2563 cogerentur
1230 2482 1275 2545 ad

154 2574 222 2648 illa,
240 2575 479 2639 cruciarentur.

213 2685 309 2754 145.
341 2668 431 2752 Quia
452 2690 497 2733 ex
520 2670 629 2733 libero
654 2669 765 2733 facere
793 2678 938 2751 apparet
959 2668 1089 2732 homini
1109 2670 1199 2735 sicut
1228 2691 1275 2735 ex

153 2783 214 2849 suo
243 2764 389 2845 proprio,
417 2763 496 2827 inde
525 2763 667 2826 liberum
692 2762 843 2826 caeleste
872 2763 976 2827 etiam
1007 2763 1121 2827 vocari
1152 2774 1275 2846 potest

152 2858 322 2942 proprium
341 2857 511 2935 caeleste;
535 2868 571 2920 et
588 2857 729 2920 liberum
745 2856 907 2921 infernale
922 2857 1036 2920 vocari
1054 2866 1173 2938 potest
1194 2877 1276 2939 pro·

153 2952 260 3033 prium
273 2951 444 3015 infernale.
490 2951 663 3034 Proprium
680 2950 841 3015 infernale
853 2960 907 3014 est
919 2951 952 3013 in
965 2951 1055 3034 quod
1071 2950 1178 3014 homo
1193 2971 1275 3015 nas·

153 3045 251 3121 citur,
270 3055 307 3109 et
329 3045 363 3108 id
386 3055 439 3109 est
463 3045 610 3122 malum;
637 3054 674 3108 at
697 3045 867 3127 proprium
886 3043 1036 3109 caeleste
1054 3055 1109 3112 est
1127 3046 1162 3108 in
1181 3046 1276 3129 quod

153 3139 257 3202 homo
273 3138 484 3215 reformatur,
502 3150 537 3202 et
553 3140 586 3202 id
603 3148 657 3202 est
672 3138 809 3202 bonum.

213 3241 311 3322 146.
339 3239 397 3303 Ex
423 3241 477 3303 his
503 3250 664 3304 constare
693 3249 812 3321 potest
836 3239 918 3322 quid
942 3240 987 3303 sit
1014 3238 1158 3304 liberum
1177 3241 1275 3305 arbi·

153 3331 256 3396 trium
264 3354 279 3406 ,·
303 3334 392 3415 quod
410 3351 534 3415 nempe
553 3334 597 3395 sit
612 3353 658 3396 ex
673 3332 811 3395 arbitrio
830 3352 888 3395 seu
904 3353 949 3395 ex
965 3330 1147 3396 voluntate
1163 3332 1277 3398 facere

153 3426 301 3504 bonum;
329 3436 364 3489 et
383 3427 474 3508 quod
499 3427 546 3490 illi
566 3428 598 3489 in
618 3447 661 3489 eo
679 3425 785 3489 libero
804 3426 872 3489 sint
895 3426 951 3508 qui
970 3425 1139 3489 ducuntur
1158 3446 1178 3490 a
1202 3426 1276 3492 Do·

154 3521 266 3582 mino:
302 3529 338 3583 et
367 3520 416 3583 illi
446 3521 615 3583 ducuntur
636 3540 657 3582 a
686 3520 833 3582 Domino
855 3520 912 3602 qui
938 3528 1056 3583 amant
1086 3519 1216 3584 bonum
1239 3530 1276 3585 et

153 3632 270 3677 verum
290 3624 430 3696 propter
446 3615 572 3677 bonum
592 3623 634 3677 et.
646 3633 774 3677 verum.
792 3650 795 3655 -

214 3723 306 3793 147.
337 3709 465 3783 Homo,
484 3709 586 3791 quale
608 3710 639 3772 ei
665 3709 809 3772 liberum
834 3717 900 3784 est,
919 3727 1133 3789 cognoscere
1154 3718 1278 3791 potest

153 3821 200 3864 ex
220 3799 381 3881 jucundo,
405 3801 486 3863 dum
513 3803 658 3882 cogitat,
683 3800 841 3882 loquitur,
865 3800 957 3877 facit,
976 3800 1072 3865 audit
1098 3808 1135 3866 et
1157 3801 1277 3881 videt3

154 3914 233 3958 nam
252 3913 354 3958 omne
366 3894 551 3977 jucundum
571 3905 625 3957 est
641 3896 776 3958 amoris.

556 4107 865 4160 (amanuensem
964 4164 965 4167 Ἴ

207 4222 291 4296 148.
316 4221 404 4294 Quod
424 4237 514 4276 omne
533 4222 659 4276 liberum
682 4222 721 4276 sit
742 4223 852 4277 amoris
867 4237 920 4276 seu
938 4218 1114 4283 afieflionls
1129 4222 1276 4293 quoniam

153 4293 234 4433 ᾳέιὲἓ
257 4293 349 4433 Ιέοιὸο
366 4302 447 4346 amat
465 4294 524 4347 hoc
545 4293 636 4347 libere
657 4292 726 4346 facit
747 4294 786 4360 (n.
801 4291 877 4358 2870,
891 4291 968 4361 3158,
982 4289 1078 4361 8907?
1090 4290 1183 4363 89871.
1197 4293 1276 4366 8990,

154 4379 172 4434 9
245 4378 299 4433 99
331 4401 338 4418 ·
