2776 5040
220 463 264 544 4⁶
692 474 865 527 cononis.

219 645 313 708 canis
339 642 554 720 Caelestibus,
578 645 612 708 in
639 643 883 727 Explicatione
905 663 1005 726 super
1030 642 1116 705 illud
1143 651 1257 725 caput,
1278 640 1327 704 de·

221 749 459 803 monstratum.

281 849 353 918 33.
384 832 553 915 Quoniam
576 833 753 897 Ecclesiae
775 835 809 897 in
833 832 1027 896 Christiano
1049 833 1144 906 orbe,
1169 842 1243 896 tam
1269 831 1329 893 Ro·

219 947 322 991 mano
338 927 536 992 Catholicae
552 949 653 1012 quam
669 938 847 1010 separatae
865 928 910 990 ab
926 927 1003 1002 illis,
1020 948 1108 1010 quae
1124 947 1145 989 a
1160 928 1230 989 suis
1244 938 1330 988 ante-

218 1023 379 1103 signanis,
408 1021 569 1097 Luthero,
599 1019 841 1085 Melandthone
872 1031 907 1084 et
938 1020 1082 1085 Calvino
1111 1022 1330 1092 nominantur,

218 1136 320 1180 omne
339 1128 518 1199 peccatum
542 1117 724 1180 traducunt
747 1137 792 1179 ex
815 1115 954 1178 Adamo
976 1124 1011 1178 et
1034 1114 1106 1195 ejus
1129 1115 1331 1196 praevarica-

218 1211 322 1284 tione,
344 1209 423 1274 licet
443 1212 495 1274 hic
515 1210 717 1292 subjungere
736 1210 861 1293 aliquid
884 1210 927 1272 de
950 1209 1137 1290 originibus
1153 1230 1201 1271 ex
1224 1209 1332 1291 quibus

217 1305 451 1368 hereditantur
473 1314 637 1388 peccata;
669 1314 748 1368 sunt
771 1306 862 1368 enim
880 1304 1001 1367 horum
1024 1304 1176 1384 origines
1196 1303 1331 1366 totidem

218 1409 301 1482 quot
317 1408 395 1463 sunt
411 1401 584 1481 genitores
602 1409 638 1462 et
657 1400 850 1481 genetrices
868 1400 902 1461 in
919 1398 1056 1461 mundo.
1101 1395 1207 1478 Quod
1226 1418 1271 1460 ex
1288 1397 1332 1459 his

217 1494 412 1557 deriventur
437 1493 685 1567 inclinationes,
709 1492 918 1564 habilitates,
946 1492 1051 1554 immo
1077 1493 1272 1572 pronitates
1294 1490 1332 1552 ad

218 1587 319 1663 mala,
340 1597 436 1670 patet
454 1590 487 1650 in
507 1587 582 1651 luce
601 1608 646 1650 ex
665 1588 870 1650 testimoniis
888 1587 1133 1667 experientiae,
1151 1595 1189 1648 et
1207 1605 1332 1669 quoque

217 1703 263 1745 ex
285 1702 426 1745 assensu
444 1682 623 1744 rationum.
669 1679 753 1762 Quis
772 1700 852 1754 non,
872 1701 918 1742 ex
942 1677 1107 1760 suffragiis
1126 1699 1188 1762 per
1206 1679 1332 1761 experi-

217 1778 327 1840 entias
350 1773 514 1850 collectis,
534 1776 598 1838 scit
621 1775 711 1857 quod
734 1775 924 1837 communis
945 1773 1130 1836 similitudo
1149 1774 1332 1835 animorum

217 1880 253 1934 et
278 1871 357 1933 inde
380 1889 511 1932 morum
534 1879 569 1932 et
596 1869 754 1932 facierum
777 1889 797 1932 a
820 1869 1015 1951 parentibus
1038 1868 1082 1929 sit
1109 1868 1144 1929 in
1168 1867 1281 1930 liberis
1301 1877 1332 1930 et

217 1965 397 2029 liberorum
422 1965 544 2039 liberis,
562 1985 665 2048 usque
688 1964 731 2027 ad
754 1964 924 2047 quandam
947 1962 1211 2045 posteritatem?
1256 1960 1332 2042 Quis

217 2079 285 2123 non
297 2059 373 2122 inde
381 2069 496 2141 potest
504 2059 671 2122 deducere
678 2059 769 2141 quod
780 2067 924 2141 peccata
931 2055 1106 2138 originalia
1118 2058 1186 2119 sint
1195 2077 1241 2118 ex
1251 2055 1332 2118 illis?

217 2151 324 2216 Notio
347 2154 450 2215 cuivis
477 2152 605 2215 adnata
631 2153 711 2215 dum
735 2150 868 2234 spet'tat
895 2152 939 2214 ad
966 2151 1069 2214 facies
1091 2160 1128 2213 et
1155 2150 1201 2212 ad
1228 2169 1332 2212 mores

216 2246 355 2310 fratrum
374 2257 409 2310 et
428 2245 577 2309 affinium
597 2247 630 2309 in
649 2246 792 2321 familiis,
808 2245 873 2309 hoc
894 2246 974 2309 sacit
990 2264 1202 2326 cognoscere
1222 2254 1257 2307 et
1275 2263 1331 2324 ag·

217 2361 366 2405 noscere.
412 2340 508 2422 Quae
524 2343 637 2423 itaque
653 2343 739 2404 ratio
755 2351 808 2404 est
825 2341 991 2404 deducere
1004 2340 1173 2420 originem
1185 2339 1330 2402 omnium

218 2434 384 2498 malorum
408 2457 453 2499 ex
476 2435 615 2498 Adamo
641 2447 676 2499 et
700 2436 769 2516 ejus
792 2435 942 2499 semine?
986 2434 1096 2496 Estne
1120 2454 1181 2515 par
1204 2434 1291 2496 ratio
1314 2453 1331 2493 a

216 2530 433 2611 parentibus?
478 2529 586 2592 Estne
603 2530 721 2592 horum
735 2550 850 2592 semen
868 2529 958 2610 quod
974 2527 1128 2591 similiter
1144 2526 1331 2609 propagat?

217 2623 273 2685 Ex
301 2624 375 2686 solo
399 2623 525 2685 Adami
549 2626 677 2687 semine
700 2624 866 2687 deducere
890 2623 1066 2685 illecebras
1090 2642 1134 2684 ex
1159 2622 1277 2703 quibus
1299 2633 1330 2682 et

216 2719 401 2781 secundum
425 2739 507 2799 quas
530 2729 608 2781 sunt
632 2719 758 2781 formae
782 2716 972 2805 spirituales
996 2717 1161 2778 mentium
1186 2716 1329 2777 omnium

215 2812 390 2875 hominum
407 2815 439 2875 in
456 2814 622 2886 universo,
637 2814 722 2876 foret
739 2812 847 2875 simile
860 2813 946 2874 sicut
962 2833 1007 2873 ex
1024 2830 1091 2872 uno
1104 2831 1171 2872 ovo
1185 2810 1330 2872 derivare

216 2928 297 2972 aves
321 2908 430 2969 omnis
456 2907 541 2981 alae,
566 2917 637 2969 tum
666 2929 710 2970 ex
738 2927 804 2970 uno
831 2907 959 2969 semine
985 2905 1113 2967 bestias
1137 2905 1248 2966 omnis
1275 2925 1329 2966 na-

217 3014 323 3074 turae,
345 3012 381 3064 ut
405 3011 439 3063 et
463 3022 507 3063 ex
532 3022 597 3063 una
620 3003 732 3064 radice
756 3002 892 3064 arbores
912 2996 1181 3062 omnislruttus.
1226 2997 1329 3060 Estne

216 3096 345 3159 infinita
365 3095 538 3158 hominum
558 3096 703 3159 varietas
713 3097 854 3158 ?—unus
873 3097 959 3157 sicut
979 3095 1061 3167 ovis,
1082 3104 1118 3156 et
1141 3093 1230 3155 alter
1249 3095 1329 3155 sicut

217 3190 332 3272 lupus;
357 3210 440 3251 unus
457 3191 544 3253 sicut
563 3190 700 3261 haedus,
719 3191 806 3253 alter
822 3192 908 3252 sicut
928 3189 1114 3270 panthera;
1140 3208 1225 3250 unus
1239 3208 1329 3249 man·

217 3295 332 3347 suetus
352 3304 495 3346 mannus
518 3294 598 3346 ante
622 3305 764 3357 currum,
785 3284 872 3346 alter
895 3285 980 3345 sicut
1004 3282 1192 3344 indomitus
1208 3301 1330 3362 onager

216 3390 296 3441 ante
320 3378 433 3454 illum;
467 3398 551 3440 unus
574 3379 660 3440 sicut
689 3378 807 3440 ludens
831 3377 965 3451 vitulus,
991 3375 1077 3438 alter
1101 3377 1189 3438 sicut
1212 3395 1329 3438 vorans

217 3474 323 3553 tiger;
348 3485 381 3535 et
402 3474 448 3534 sic
469 3493 577 3553 porro.
624 3472 725 3536 Unde
744 3474 808 3535 hoc
829 3473 932 3534 cuivis
952 3471 1012 3533 nisi
1036 3491 1081 3532 ex
1100 3491 1162 3532 suo
1185 3481 1280 3553 patre
1297 3480 1329 3531 et

216 3587 276 3628 sua
294 3567 424 3629 matre?
470 3564 583 3646 Quare
603 3588 685 3647 ergo
705 3588 749 3629 ex
769 3566 929 3628 Adamo?
961 3584 1139 3646 perquem
1160 3574 1277 3627 tamen
1299 3565 1328 3625 in

217 3671 300 3741 typo
331 3662 622 3741 repraesentativo
653 3662 852 3723 describitur
885 3660 1041 3723 Ecclesia
1073 3658 1170 3738 hujus
1205 3658 1328 3722 telluris

217 3756 333 3835 prima,
360 3765 395 3817 ut
424 3753 587 3817 haetenus
611 3767 785 3818 ostensum
809 3764 872 3818 est.
918 3754 1040 3817 Hocne
1067 3754 1153 3816 soret
1179 3756 1265 3816 sicut
1288 3773 1328 3815 ex

218 3869 283 3910 una
306 3851 410 3930 stirpe
434 3850 467 3911 in
491 3850 656 3930 profundo
675 3860 784 3912 terrae
804 3850 934 3912 latente
954 3848 1097 3911 educere
1117 3847 1260 3927 cujusvis
1278 3867 1327 3908 as·

217 3941 333 4024 petitus
357 3965 395 4006 ac
417 3964 493 4005 usus
513 3945 696 4018 arbustum,
717 3954 751 4006 et
775 3965 819 4006 ex
844 3965 910 4006 uno
929 3943 1020 4005 olere
1040 3942 1184 4022 cujusvis
1204 3941 1326 4004 emolu-

216 4040 322 4100 menti
351 4038 555 4118 virgultum?
601 4038 749 4101 Foretne
779 4038 861 4101 illud
892 4039 994 4100 etiam
1025 4038 1112 4098 sicut
1142 4057 1187 4098 ex
1219 4036 1326 4097 nimbo

216 4142 368 4194 aetatum
396 4142 430 4194 et
458 4132 629 4194 annalium
656 4133 799 4195 educere
830 4132 950 4205 lucem,
978 4141 1013 4193 et
1044 4129 1135 4192 filum
1163 4151 1208 4192 ex
1235 4131 1324 4190 inex-

216 4226 360 4289 tricabili
390 4228 499 4308 scirpo
528 4226 710 4290 evolvere?
768 4226 834 4290 Cur
861 4246 929 4288 non
959 4226 1070 4306 potius
1101 4244 1146 4286 ex
1172 4223 1329 4288 Noacho?

218 4320 272 4399 qui

509 4419 690 4468 “Ambulavit
702 4434 761 4468 cum
776 4418 834 4467 Deo
867 4418 941 4480 (Gen.
953 4417 987 4466 vi.
999 4415 1040 4479 9);
