2776 5040
144 429 186 478 20
614 424 787 477 CORONIS.

143 596 234 678 quod
252 596 285 659 in
305 595 460 661 Ecclesia
475 615 544 658 non
560 614 670 672 mane,
687 595 758 660 dies
774 605 809 659 et
824 616 977 680 vespera,
994 599 1057 662 sed
1077 617 1168 663 nox:
1189 608 1250 663 tum

143 691 222 773 quid
242 711 301 773 per

193 820 346 948 “Terqpqq,
366 829 497 883 tempora,
517 828 545 869 et
564 814 704 869 dimidium
722 820 853 882 temporis
861 819 876 840 ”
887 819 975 885 (Apoc.
990 822 1037 872 xii.
1055 834 1105 882 14;
1128 822 1199 873 Das.
1212 823 1250 874 xit.

143 1010 180 1064 ut
199 1011 235 1065 et
254 1001 333 1083 quid
349 1020 408 1082 per

321 1128 338 1152 '⁸
348 1126 545 1176 Plenitudinem
557 1127 688 1190 temporis
694 1123 711 1149 ’⁹
723 1124 801 1193 (Epir.
814 1127 831 1177 i.
844 1124 912 1188 tol¹l;
933 1127 990 1179 Gal.
1002 1129 1038 1179 iv.
1047 1128 1084 1191 4).

206 1272 250 1336 6.
281 1270 346 1348 (iii)
370 1269 456 1339 Quod
479 1267 510 1331 in
534 1267 639 1351 quovis
663 1267 805 1332 [eolasio
832 1275 1021 1333 consecutos
1046 1270 1112 1333 sint
1135 1278 1258 1354 quatuor

141 1368 245 1427 status
265 1361 467 1424 mutationes:
487 1378 616 1441 quorum
633 1359 733 1440 prima
754 1359 814 1421 fuir
831 1359 982 1440 murillo
1003 1359 1124 1425 Domini
1141 1364 1258 1427 dolavit

143 1472 183 1517 aa
203 1450 387 1532 Radampnb,
401 1455 436 1512 at
454 1455 527 1512 tuno
547 1448 615 1530 ojus
635 1448 722 1511 lam
742 1468 800 1512 sou
823 1449 934 1523 Ortus:
956 1454 1097 1515 coeundo
1119 1456 1182 1519 fur't
1199 1454 1258 1538 ojus

143 1543 318 1615 instructio,
340 1547 375 1604 at
397 1546 471 1603 tuno
493 1540 561 1622 ojus
586 1538 658 1602 illas
680 1557 738 1601 acu
762 1539 962 1621 progressior
994 1543 1090 1605 tenio
1114 1545 1178 1609 fuit
1197 1547 1258 1629 ajur

143 1632 464 1704 declinandorum
485 1628 553 1710 alus
575 1628 708 1709 respon
728 1647 785 1692 acu
807 1628 961 1704 latiatim·
981 1639 1096 1713 quam
1117 1635 1180 1698 ruit
1197 1637 1258 1719 ojus

141 1723 234 1796 finis,
249 1728 283 1786 at
301 1728 374 1784 tune
392 1720 458 1802 ojus
472 1719 606 1783 luascu
627 1719 1001 1803 consummatio—Quod
1024 1723 1172 1806 cujusvis
1195 1727 1257 1791 Ec·

141 1815 264 1879 clesiae
280 1826 423 1898 quatuor
438 1824 548 1877 status
565 1815 745 1878 successivi
760 1814 893 1891 luerint,
906 1817 961 1898 qui
976 1817 1011 1879 in
1024 1817 1144 1884 Verbo
1160 1822 1256 1885 intel-

141 1906 291 1991 liguntur
319 1930 377 1991 per
401 1908 557 1982 “mane’'
581 1908 728 1984 “diem''
752 1898 982 1991 “vesperam”
1004 1921 1040 1975 et
1066 1912 1257 1989 “notiam’'

140 2003 174 2067 in
200 2025 283 2066 mox
311 2002 536 2085 praecedente
562 2002 704 2065 articulo
731 2012 905 2066 ostensum
931 2014 994 2068 est.
1048 2005 1153 2088 Quod
1180 2030 1257 2074 una·

141 2099 278 2180 quaevis
308 2097 462 2161 Ecclesia
492 2118 536 2160 ex
563 2105 705 2179 quatuor
732 2100 1013 2179 supranominatis
1042 2101 1122 2166 illos
1150 2115 1258 2168 status

140 2193 311 2267 subiverit,
339 2193 372 2254 in
403 2192 629 2272 sequentibus,
661 2190 716 2254 ubi
745 2193 788 2255 de
818 2192 958 2274 singulis
986 2195 1021 2257 in
1051 2215 1114 2260 suo
1144 2200 1257 2263 ordine

141 2287 358 2368 transigetur,
383 2285 482 2366 plene
505 2284 774 2364 confirmabitur3
805 2294 840 2349 et
870 2296 950 2351 tunc
973 2288 1064 2371 quod
1094 2294 1257 2374 apparitio

141 2380 279 2443 Domini
302 2380 444 2461 Jehovih
474 2388 509 2442 et
536 2380 726 2460 redemptio
748 2380 845 2443 suerit
868 2380 938 2462 ejus
957 2401 1068 2459 mane,
1093 2389 1186 2468 quod
1209 2390 1255 2450 in·

141 2471 281 2538 struitio
304 2475 400 2537 suerit
423 2473 492 2555 ejus
515 2472 585 2536 dies
608 2494 666 2536 seu
691 2476 881 2555 progressio
904 2476 936 2537 in
960 2475 1081 2553 lucem,
1103 2482 1255 2564 quodque

140 2569 322 2632 declinatio
349 2569 445 2631 luerit
471 2568 541 2648 ejus
567 2589 707 2649 vespera
734 2589 792 2630 seu
818 2572 976 2642 vastatio,
1002 2582 1038 2634 et
1068 2576 1160 2656 quod
1189 2578 1254 2657 ejus

140 2661 214 2725 linis
244 2663 339 2725 suerit
370 2662 438 2742 ejus
466 2682 535 2725 nox
572 2682 629 2724 seu
660 2664 915 2726 consummatio.
966 2665 1004 2726 In
1033 2666 1162 2744 Verbo,
1187 2683 1253 2733 tam

140 2756 172 2817 in
192 2756 261 2837 ejus
280 2758 446 2820 historicis
469 2777 568 2838 quam
588 2759 620 2818 in
641 2756 709 2837 ejus
732 2758 947 2839 propheticis,
964 2759 1008 2821 de
1030 2773 1176 2843 quatuor
1194 2765 1252 2826 illis

139 2861 249 2914 status
269 2851 510 2915 mutationibus
530 2851 635 2913 ubivis
654 2853 773 2933 agitur.

202 2957 240 3025 7.
271 2944 365 3008 Ordo
387 2947 420 3007 in
444 2965 542 3026 quem
562 2946 670 3007 omnis
693 2946 797 3009 homo
819 2967 839 3008 a
862 2945 938 3010 Deo
960 2959 1095 3014 creatus
1119 2963 1183 3027 est,
1203 2964 1251 3015 est

139 3049 175 3101 ut
195 3049 272 3121 post
291 3040 465 3103 infantiam
489 3039 546 3102 fiat
570 3041 691 3118 homo;
716 3060 793 3102 nam
809 3041 888 3103 dum
906 3047 1064 3119 nascitur,
1082 3057 1136 3111 est
1155 3049 1251 3111 modo

138 3145 282 3197 externa
307 3136 421 3216 imago
448 3155 506 3196 seu
533 3134 638 3196 lorma
664 3135 819 3209 hominis,
844 3146 879 3198 et
907 3146 987 3200 tunc
1015 3141 1127 3204 minus
1154 3143 1249 3206 homo

138 3251 238 3312 quam
261 3232 370 3294 bestia
389 3251 505 3294 recens
524 3241 605 3293 nata
628 3241 679 3293 est
702 3231 829 3294 bestia:
863 3242 898 3294 at
922 3245 1085 3314 quantum
1109 3239 1199 3301 intus
1220 3241 1249 3300 in

137 3324 200 3387 hac
217 3325 323 3388 forma
336 3326 447 3407 quoad
464 3345 556 3387 suam
571 3336 719 3388 mentem
737 3346 794 3387 seu
810 3346 904 3388 suum
918 3329 1070 3408 spiritum
1088 3333 1249 3412 perficitur

138 3421 302 3501 sapientia
322 3431 356 3483 et
375 3439 500 3492 amore,
521 3429 653 3482 tantum
673 3418 710 3482 fit
729 3420 841 3482 homo.
888 3420 1003 3484 Homo
1022 3434 1076 3487 est
1096 3427 1183 3490 sicut
1201 3448 1247 3489 ar·

137 3514 207 3586 bor,
226 3534 310 3594 quae
327 3515 468 3595 primum
485 3534 528 3575 ex
547 3515 673 3576 semine
689 3516 856 3577 excrescit
871 3516 904 3576 in
922 3517 1103 3593 surculum,
1121 3530 1156 3583 et
1173 3521 1246 3582 dum

137 3609 275 3669 enititur
298 3610 329 3668 in
354 3606 460 3669 altum
484 3609 610 3670 emittit
634 3628 745 3671 ramos
768 3618 803 3671 et
827 3629 870 3670 ex
894 3609 945 3671 his
968 3610 1116 3688 frondes,
1141 3635 1179 3677 ac
1202 3616 1246 3677 in-

136 3703 238 3763 vestit
258 3723 293 3764 se
309 3701 433 3783 jugiter
452 3701 556 3779 loliis;
580 3711 615 3764 et
634 3702 713 3764 dum
733 3705 939 3777 maturescit,
960 3706 1051 3785 quod
1070 3705 1109 3770 fit
1128 3709 1161 3770 in
1182 3730 1246 3770 me·

136 3795 189 3857 dia
213 3795 281 3875 ejus
304 3807 428 3868 aetate,
453 3795 604 3859 excludit
631 3795 738 3869 flores,
763 3807 797 3859 et
825 3799 977 3879 producit
1000 3798 1136 3877 fruitus
1161 3815 1195 3866 et
1217 3806 1245 3865 in

135 3892 321 3971 unoquovis
345 3892 439 3971 ponit
459 3892 596 3964 semina,
616 3911 702 3973 quae
725 3892 757 3953 in
779 3902 902 3954 terram
926 3902 963 3955 ut
986 3894 1020 3956 in
1039 3904 1171 3959 uterum
1189 3900 1246 3960 im·

135 3985 237 4046 missa
256 3995 456 4047 excrescunt
476 3986 508 4046 in
532 3984 655 4046 similes
674 3985 810 4047 arbores
830 3996 863 4048 et
883 3987 929 4049 sic
948 3987 981 4049 in
1000 3987 1146 4053 hortum.
1192 3992 1245 4065 Et,

134 4080 161 4141 si
181 4079 317 4141 credere
333 4077 445 4153 vultis,
463 4079 551 4140 idem
570 4078 626 4140 ille
645 4079 763 4141 hortus
779 4091 855 4160 post
873 4091 1016 4143 mortem
1033 4086 1123 4164 apud
1142 4086 1245 4148 homi·

134 4193 211 4237 nem
239 4183 424 4255 permanet,
448 4173 580 4236 habitat
607 4175 640 4236 in
668 4173 735 4247 illo,
760 4193 798 4237 ac
826 4174 1001 4238 deliciatur
1027 4180 1179 4258 quotidie
1203 4201 1244 4243 ex

133 4266 272 4350 aspedtu
295 4267 364 4348 ejus
387 4277 422 4329 et
449 4287 494 4329 ex
518 4288 577 4329 usu
600 4265 763 4331 fructuum
787 4267 876 4349 ejus;
910 4269 967 4332 ille
990 4270 1095 4335 homo
1118 4283 1171 4337 est
1194 4276 1244 4357 qui

133 4365 331 4427 describitur
350 4362 437 4445 apud
458 4362 621 4425 Davidem
641 4363 691 4425 his
710 4364 840 4427 verbis:
