2776 5040
550 486 603 539 DE
625 486 731 540 Nove
754 487 1030 542 HIEROSOLYMA

734 915 840 1003 [xvh]

537 1170 611 1247 DE
645 1170 818 1247 SANCT
819 1171 855 1246 A
891 1171 1045 1247 (ΞΕΝΑ.

231 1531 512 1871 ἰςΑΝΕΤΑ
535 1593 628 1660 Cena
646 1615 667 1659 a
686 1594 835 1659 Domino
853 1595 1015 1659 instituta
1033 1602 1097 1670 est,
1117 1602 1156 1659 ut
1180 1593 1346 1678 perillam

372 1691 417 1755 sit
429 1687 623 1772 conjunctio
635 1690 801 1754 ecclesiae
813 1709 890 1753 cum
903 1688 1010 1765 caelo,
1024 1690 1074 1754 ita
1086 1708 1164 1753 cum
1181 1689 1348 1754 Domino:

371 1785 450 1848 ideo
468 1784 527 1848 illa
547 1794 602 1848 est
621 1781 869 1847 sanctissimum
890 1784 1012 1847 cultus.

408 1892 497 1943 211.
525 1876 594 1941 Sed
613 1877 788 1959 quomodo
806 1896 867 1958 per
884 1876 979 1939 illam
998 1875 1036 1939 fit
1054 1873 1264 1956 conjunctio,
1281 1895 1353 1938 non

230 1971 370 2053 capiunt
383 1971 439 2054 qui
452 1990 520 2034 non
534 1969 645 2032 sciunt
658 1968 784 2051 aliquid
797 1970 840 2033 de
852 1989 953 2032 sensu
964 1969 1100 2032 interno
1112 1988 1172 2031 seu
1185 1967 1354 2050 spirituali

231 2063 349 2139 Verbi,
368 2083 446 2128 nam
465 2063 599 2127 illinon
616 2062 705 2126 ultra
721 2082 858 2126 sensum
874 2072 1067 2137 externum,
1081 2062 1137 2145 qui
1156 2071 1210 2125 est
1229 2081 1356 2125 sensus

230 2156 379 2233 litterae,
400 2158 568 2241 cogitant.
614 2156 670 2220 Ex
695 2175 795 2220 sensu
819 2158 955 2220 interno
977 2176 1036 2220 seu
1054 2155 1221 2238 spirituali
1243 2154 1356 2220 Verbi

230 2253 336 2317 scitur
346 2254 427 2336 quid
440 2252 610 2335 significat
621 2256 641 2284 “
650 2270 772 2332 corpus
781 2250 797 2276 ’'
806 2262 841 2315 et
854 2256 873 2283 ‘⁴
882 2249 1050 2332 sanguis,”
1060 2260 1095 2314 et
1108 2250 1189 2332 quid
1201 2255 1220 2283 ‘¹
1229 2251 1331 2332 panis
1339 2250 1357 2274 ”

231 2355 267 2413 et
288 2347 463 2422 “vinum’'
482 2355 555 2411 tum
574 2346 653 2430 quid
675 2343 952 2409 “manducatio''

289 2452 379 2504 m.
408 2438 448 2501 In
473 2437 534 2501 illo
560 2457 662 2500 sensu
690 2435 869 2518 “corpus”
890 2443 949 2499 aut
973 2433 1108 2498 “caro'’
1131 2432 1274 2498 Domini
1299 2445 1357 2500 est

230 2532 356 2604 bonum
373 2531 507 2605 amoris,
522 2529 677 2592 similiter
692 2529 818 2611 “panis
833 2527 860 2605 ;’'
878 2547 918 2591 ac
936 2525 1128 2609 “sanguis’'
1142 2525 1283 2589 Domini
1299 2537 1357 2592 est

230 2626 357 2689 bonum
368 2624 456 2700 fidei,
465 2624 619 2687 similiter
630 2629 650 2655 ‘⁸
660 2623 773 2684 vinum
786 2621 812 2699 ;”
828 2641 866 2685 ac
881 2628 900 2654 ‘⁴
910 2621 1128 2684 manducatio
1137 2619 1152 2644 '⁹
1162 2629 1214 2684 est
1225 2641 1357 2703 appro-

230 2722 354 2803 priatio
369 2728 405 2784 et
422 2714 625 2800 conjunctio.
665 2715 805 2799 Angeli,
822 2717 878 2800 qui
898 2724 978 2779 sunt
994 2714 1084 2797 apud
1103 2714 1280 2778 hominem
1296 2717 1358 2798 qui

230 2815 303 2878 obit
323 2814 583 2877 Sacramentum
599 2811 726 2886 Cenae,
743 2830 812 2874 non
831 2809 931 2874 aliter
950 2808 1148 2890 intelligunt
1167 2809 1236 2882 illa,
1254 2811 1356 2892 spiri·

231 2909 370 2973 tualiter
392 2908 483 2971 enim
505 2906 695 2989 percipiunt
723 2905 858 2981 omnia;
888 2904 968 2967 inde
995 2913 1048 2967 est
1075 2903 1166 2984 quod
1193 2901 1356 2967 sanctum

232 3003 356 3066 amoris
372 3011 407 3066 et
424 2998 579 3066 sancium
591 3001 669 3065 fidei
688 3001 806 3065 influat
818 3012 899 3065 tunc
918 2998 963 3064 ab
979 2998 1112 3081 angelis
1129 2999 1219 3081 apud
1239 2999 1358 3062 homi·

232 3111 322 3167 nem,
341 3093 390 3158 ita
405 3113 465 3175 per
482 3092 615 3155 caelum
633 3112 653 3154 a
673 3092 843 3169 Domino;
867 3091 946 3155 inde
964 3085 1168 3171 conjunctio.

290 3196 383 3263 213.
411 3180 468 3244 Ex
491 3181 544 3244 his
566 3192 664 3264 patet
683 3183 775 3264 quod
794 3183 994 3248 homocum
1017 3185 1122 3248 sumit
1139 3205 1280 3267 panem,
1296 3191 1358 3272 qui

231 3282 285 3336 est
297 3291 430 3355 corpus,
442 3273 669 3356 conjungatur
680 3274 829 3338 Domino
840 3295 901 3357 per
909 3276 1036 3339 bonum
1049 3278 1174 3340 amoris
1187 3279 1220 3340 in
1235 3277 1357 3362 Ipsum

231 3366 275 3429 ab
286 3366 366 3448 Ipso
378 3387 385 3444 ;
403 3377 527 3431 etcum
541 3369 644 3432 sumit
654 3370 780 3443 vinum,
792 3369 884 3451 quod
896 3378 949 3434 est
962 3371 1111 3452 sanguis,
1123 3370 1358 3455 conjungatur

231 3459 381 3525 Domino
396 3482 456 3544 per
471 3462 597 3526 bonum
615 3461 693 3527 fidei
711 3465 745 3526 in
763 3464 877 3546 Ipsum
894 3464 938 3527 ab
954 3464 1043 3547 Ipso.
1089 3463 1157 3529 Sed
1173 3468 1356 3534 sciendum

230 3565 284 3619 est
301 3556 392 3638 quod
409 3554 603 3637 conjunciio
618 3577 695 3620 cum
716 3557 865 3622 Domino
883 3578 943 3641 per
959 3557 1218 3624 Sacramentum
1234 3561 1357 3630 Cenae

230 3649 290 3715 fiat
309 3651 419 3715 solum
438 3651 528 3734 apud
547 3652 625 3715 illos
643 3654 699 3735 qui
719 3655 751 3715 in
771 3653 862 3717 bono
881 3655 1006 3718 amoris
1023 3666 1060 3717 et
1078 3653 1156 3719 fidei
1175 3657 1208 3719 in
1228 3655 1356 3722 Domi·

230 3763 310 3807 num
333 3766 354 3808 a
377 3745 527 3809 Domino
549 3756 648 3810 sunt:
676 3748 766 3829 apud
790 3748 853 3810 hos
877 3769 936 3830 per
957 3746 1118 3812 Sanciam
1143 3749 1274 3815 Cenam
1298 3765 1356 3819 est

229 3836 443 3921 conjunctim
466 3843 555 3923 apud
575 3852 709 3907 ceteros
725 3854 778 3907 est
797 3845 991 3925 praesentia
1006 3853 1041 3907 et
1058 3862 1126 3907 non
1143 3845 1354 3926 conjunciio.

288 3946 382 4017 214.
410 3932 592 3996 Praeterea
607 3933 735 3998 Sancta
754 3934 850 3998 Cena
867 3935 1011 3998 includit
1030 3946 1065 3999 et
1084 3938 1355 4019 comprehendit

229 4043 367 4088 omnem
381 4024 510 4088 cultum
525 4025 684 4088 Divinum
701 4028 896 4091 institutum
912 4028 945 4090 in
963 4026 1120 4091 Ecclesia
1138 4029 1354 4112 Israelitica;

228 4117 432 4182 holocausta
451 4121 540 4182 enim
560 4131 594 4183 et
612 4120 785 4196 sacrificia,
806 4122 840 4184 in
860 4122 979 4204 quibus
998 4121 1110 4186 cultus
1129 4122 1219 4186 illius
1235 4126 1354 4191 eccle·

227 4213 297 4274 siae
320 4213 551 4295 principaliter
573 4215 769 4289 constabat,
790 4235 856 4279 una
879 4236 964 4280 voce
987 4214 1078 4280 dicia
1101 4216 1236 4283 fuerunt
1258 4226 1355 4305 “pa-

227 4305 318 4370 nis:”
336 4307 416 4371 inde
434 4309 538 4372 etiam
558 4306 684 4372 Saucia
703 4308 797 4373 Cena
816 4321 869 4375 est
889 4311 959 4392 ejus
978 4312 1287 4394 complementum.
