2776 5040
354 502 557 558 mvlmto
579 504 633 555 AD
655 502 792 555 Novnu
815 502 1038 555 ECCLESIAM.
1208 506 1249 571 91

132 687 188 744 est
200 678 363 754 Verbum,
377 686 413 742 et
425 684 478 740 est
493 677 566 758 ipsa
577 674 655 739 Lux
667 695 755 757 quae
766 674 934 739 illuminat
947 684 1058 740 totum
1072 677 1253 755 mundum;

131 783 170 839 et
188 783 306 837 tamen
323 771 529 853 impossibile
548 781 601 834 est
620 791 665 833 ex
681 769 800 834 Verbo
818 771 932 834 videre
951 791 1052 834 unum
1071 772 1254 852 genuinum

131 887 250 932 verum
269 867 332 929 nisi
350 865 441 949 quod
460 865 735 929 circumobsitum
753 874 789 927 et
807 865 1018 947 inquinatum
1038 876 1091 929 est
1109 865 1200 929 salsis
1218 875 1254 930 et

132 962 321 1027 cohaerens
347 979 424 1024 cum
448 959 550 1034 falsis,
573 960 660 1022 sicut
683 968 736 1022 est
760 961 921 1041 navigare
942 959 986 1023 ad
1013 959 1177 1034 Pleiades,
1196 970 1255 1024 aut

131 1075 249 1119 aurum
279 1075 305 1117 s.
335 1054 426 1137 quod
458 1054 493 1117 in
521 1063 642 1117 centro
671 1063 782 1117 terrae
811 1063 865 1117 est
895 1074 1035 1118 eruere:
1073 1074 1186 1136 quare,
1218 1064 1254 1118 ut

132 1172 214 1215 vera
237 1148 428 1214 Christiana
451 1147 569 1229 religio
591 1150 787 1230 aperiretur,
811 1168 879 1211 non
903 1150 1014 1230 potuit
1037 1149 1136 1212 aliter
1154 1168 1254 1231 quam

133 1255 171 1308 ut
195 1246 267 1327 quis
292 1245 325 1307 in
349 1243 510 1306 mundum
533 1241 742 1324 spiritualem
766 1243 1046 1318 introduceretur,
1070 1253 1105 1306 et
1128 1263 1173 1306 ex
1197 1263 1256 1307 ore

135 1338 273 1401 Domini
299 1339 447 1401 hauriret
473 1337 621 1418 genuina
643 1357 723 1399 vera
745 1357 792 1399 ex
815 1336 941 1400 Verbo.
997 1336 1163 1401 Dominus
1187 1356 1255 1400 non

135 1443 252 1515 potest
271 1432 416 1514 aliquem
436 1430 561 1494 lumine
580 1452 641 1494 suo
659 1430 837 1506 illustrare,
857 1431 919 1493 nisi
939 1432 1134 1495 immediate
1152 1431 1255 1495 adea·

135 1537 201 1602 tur,
220 1537 256 1590 et
274 1547 335 1609 pro
355 1526 431 1591 Deo
449 1525 534 1589 caeli
552 1536 770 1607 agnoscatur.

201 1707 284 1792 (39.)
316 1706 417 1790 Quod
433 1706 593 1772 miracula
609 1707 710 1771 hodie
726 1727 794 1770 non
813 1706 907 1783 fiant,
924 1717 1064 1790 propter
1079 1727 1197 1771 causas
1212 1708 1256 1772 de

134 1803 255 1886 quibus
273 1804 306 1866 in
331 1802 418 1867 Vera
438 1802 639 1867 Christiana
658 1802 829 1884 Religion
849 1800 895 1885 [n.
916 1801 1013 1885 501];
1037 1822 1139 1885 quare
1157 1798 1256 1866 ¹¹¹Do·

135 1899 245 1961 minus
270 1897 408 1980 (Manli.
432 1899 527 1960 xxiv.
544 1897 600 1978 24)
625 1898 707 1961 dicit
730 1897 821 1979 quod
844 1893 1024 1961 seductura
1046 1899 1123 1960 sint.
1167 1896 1255 1961 Tum

134 1992 216 2076 quid
242 1993 452 2057 communius
474 1992 564 2074 apud
592 1990 967 2056 Romano-catholicos
989 2012 1089 2074 quam
1117 1991 1255 2074 implere

136 2097 358 2152 monumenta
367 2084 571 2162 sand'torum,
582 2078 776 2169 et'parietes
787 2087 1067 2149 monasteriorum
1078 2085 1255 2161 miraculis,

135 2191 220 2265 quot
233 2201 301 2244 non
317 2181 462 2244 laminae
474 2201 596 2244 aureae
609 2191 644 2245 et
659 2190 845 2262 argenteae
861 2181 894 2243 in
907 2190 1129 2243 monumento
1141 2179 1256 2245 Anto·

136 2277 182 2339 nii
197 2276 353 2340 Paduae?
398 2273 487 2357 Quid
504 2294 571 2338 non
588 2275 643 2339 ubi
658 2284 729 2338 tres
744 2273 924 2357 Sapientes
939 2275 1096 2339 dicuntur
1110 2275 1256 2358 sepulti?

139 2369 233 2455 [quid
250 2371 333 2455 non]
352 2371 503 2453 Pragae?
526 2371 606 2453 quid
623 2391 690 2434 non
706 2369 808 2433 alibi?
849 2369 939 2451 Quid
955 2370 1033 2433 inde
1048 2370 1138 2433 aliud
1155 2389 1255 2452 quam

137 2465 328 2530 elusiones?
372 2461 469 2528 ¹¹¹Tot
492 2464 558 2528 illis
580 2463 748 2528 miraculis
771 2463 846 2546 plus
869 2474 932 2539 est,
956 2464 1047 2546 quod
1074 2466 1107 2527 in
1131 2464 1258 2529 mundo

136 2560 300 2643 spirituali
322 2559 442 2642 loquor
460 2579 536 2623 cum
555 2558 687 2641 angelis
705 2568 740 2622 et
759 2560 940 2641 spiritibus,
960 2559 1050 2642 quod
1069 2559 1256 2641 descripse-

136 2674 208 2718 ram
224 2664 336 2718 status
351 2654 436 2718 caeli
451 2664 486 2717 et
505 2654 633 2728 inferni,
650 2663 686 2718 et
702 2654 793 2717 vitae
809 2664 887 2736 post
903 2664 1059 2727 mortem,
1077 2663 1149 2717 tum
1166 2653 1256 2735 quod

137 2750 218 2814 mihi
246 2760 383 2832 apertus
408 2749 452 2814 sit
479 2769 598 2813 sensus
624 2748 806 2831 spiritualis
833 2748 950 2823 Verbi,
978 2759 1113 2831 praeter
1140 2748 1254 2830 plura:

136 2844 202 2908 hoc
219 2845 457 2908 commercium
474 2843 557 2906 nulli
576 2844 676 2925 prius,
693 2854 858 2926 quantum
873 2844 955 2919 scio,
973 2864 993 2907 a
1011 2843 1160 2907 Domino
1176 2863 1258 2907 con·

137 2959 270 3005 cessum
289 2939 350 3003 suit
362 2939 538 3002 z-indicia
557 2939 647 3021 quod
671 2935 735 3002 hoc
757 2949 896 3021 propter
913 2957 1036 3002 novam
1056 2936 1257 3014 Ecclesiam,

138 3054 225 3117 quae
244 3054 370 3098 corona
388 3043 440 3096 est
459 3034 608 3096 omnium
627 3032 869 3108 Ecclesiarum,
889 3042 924 3096 et
942 3052 1028 3115 quae
1047 3032 1207 3095 duratura
1225 3032 1259 3095 in

137 3127 470 3209 aeternum-Quod
487 3149 562 3191 esse
580 3129 614 3191 in
633 3128 760 3192 mundo
776 3127 949 3210 spirituali,
967 3128 1080 3190 videre
1096 3126 1261 3190 mirabilia

137 3224 234 3300 caeli,
247 3234 282 3287 et
299 3224 489 3287 miseranda
505 3223 634 3298 inferni,
651 3233 687 3286 et
703 3224 748 3286 ibi
764 3224 796 3286 in
812 3224 885 3306 ipsa
901 3223 974 3285 luce
991 3222 1128 3286 Domini
1144 3223 1178 3285 in
1194 3243 1260 3305 qua

138 3329 217 3382 sunt
233 3318 356 3401 angeli,
374 3328 526 3400 praestat
542 3318 699 3381 omnibus
718 3317 895 3382 miraculis.
940 3316 1153 3381 Testimonia
1169 3316 1260 3399 quod

138 3414 183 3477 ibi
202 3415 276 3489 sim,
297 3414 475 3476 videantur
493 3415 526 3475 in
545 3414 642 3495 copia
660 3413 694 3475 in
714 3412 806 3476 libris
825 3413 917 3475 meis.

204 3600 286 3684 (40.)
318 3599 419 3682 Quod
436 3601 592 3665 Ecclesia
606 3621 643 3664 se
659 3601 692 3664 in
705 3602 811 3664 tantis
823 3600 914 3664 salsis
926 3600 1126 3663 immerserit
1139 3609 1175 3663 ut
1193 3621 1260 3665 non

139 3696 275 3779 aliquod
288 3717 403 3760 verum
421 3706 592 3778 superstes
608 3697 662 3768 sit,
676 3705 711 3758 et
728 3695 818 3778 quod
834 3696 877 3758 sit
894 3697 980 3758 sicut
993 3695 1087 3758 navis
1100 3695 1261 3778 naufraga

139 3791 231 3872 cujus
254 3791 334 3854 mali
361 3792 537 3854 summitas
560 3789 670 3854 solum
693 3799 823 3863 exstat,
847 3799 899 3853 est
929 3791 1027 3853 unica
1049 3809 1161 3865 causa,
1184 3792 1262 3872 quia

139 3883 304 3950 hactenus
320 3906 387 3949 non
403 3887 580 3949 adiverunt
597 3884 780 3948 Dominum
796 3885 1012 3962 immediate;
1036 3894 1071 3949 et
1087 3904 1163 3948 cum
1183 3884 1261 3966 lpse

139 4000 208 4044 non
226 3981 423 4045 immediate
438 3981 559 4056 aditur,
577 4000 645 4043 non
665 3990 781 4062 potest
798 3979 902 4042 ullum
919 3998 1035 4043 verum
1054 3980 1088 4043 in
1107 3999 1167 4042 sua
1186 3979 1261 4044 luce

138 4097 323 4159 apparere:
355 4096 456 4139 causa
478 4085 530 4139 est
554 4075 631 4157 quia
658 4075 823 4138 Dominus
845 4084 898 4138 est
922 4073 1084 4149 Verbum,
1108 4073 1173 4137 hoc
1196 4084 1260 4147 est,

139 4189 241 4234 omne
269 4170 428 4234 Divinum
452 4169 580 4234 Verum
607 4171 640 4232 in
664 4169 792 4242 Verbo,
816 4179 851 4233 et
878 4168 971 4233 solus
993 4179 1047 4232 est
1074 4169 1151 4231 Lux
1175 4188 1261 4250 quae

139 4263 307 4330 illuminat
323 4285 452 4341 omnes,
470 4275 506 4329 ut
527 4265 603 4348 Ipse
620 4264 721 4329 docet
735 4285 742 4341 ;
766 4274 801 4327 et
817 4282 919 4328 omne
935 4283 1050 4326 verum
1067 4261 1173 4326 Verbi
1192 4282 1259 4325 non

139 4359 231 4424 lucet
250 4361 383 4423 aliunde
402 4380 502 4443 quam
523 4381 544 4423 a
565 4359 641 4423 solo
664 4358 821 4423 Domino.
867 4358 931 4421 Illa
953 4357 1012 4420 iux
1032 4367 1084 4420 est
1104 4378 1190 4439 quae
1208 4358 1258 4421 in*

140 4454 305 4536 telligitur
326 4475 386 4537 per
404 4453 597 4538 spirituale;
618 4474 722 4537 quare
742 4472 819 4518 cum
842 4453 901 4517 illa
924 4454 983 4517 lux
1006 4472 1075 4516 non
1098 4447 1174 4516 l'lilli
1192 4461 1258 4529 est,
