2776 5040
134 458 171 524 18
400 467 578 520 csuouss
599 467 731 521 uovuu
752 465 970 518 eccsasma

191 655 221 722 7.
252 637 354 723 Quod
372 639 447 704 finis
466 639 524 704 ille
548 637 854 703 universalissimua
876 637 922 702 sit
944 635 1150 719 complexus
1168 653 1229 699 om·

340 734 431 798 nium
447 733 561 798 linium
577 744 613 798 et
629 733 749 798 horum
762 733 1041 815 progressionum
1055 733 1088 794 in
1102 741 1228 812 utroque

339 829 477 902 mundo,
496 826 662 910 spirituali
681 835 716 890 et
736 824 893 889 naturali.

191 922 242 988 *8.
273 920 374 1006 Quod
393 921 467 985 finis
489 921 547 985 ille
565 919 869 984 universalissimus
886 920 931 983 sit
951 919 1083 993 intime,
1104 928 1140 983 et
1158 919 1229 981 sicut

340 1018 410 1080 vita
425 1027 461 1080 et
477 1016 600 1090 anima,
613 1015 664 1077 vis
680 1023 716 1078 et
731 1024 885 1089 conatus,
899 1015 933 1076 in
949 1015 1109 1077 omnibus
1124 1023 1160 1076 et
1174 1013 1230 1075 sin·

340 1111 429 1193 gulis
444 1111 578 1174 creatis.

192 1223 222 1287 9.
250 1203 353 1287 Quod
375 1205 454 1268 inde
472 1204 517 1266 sit
541 1222 651 1266 nexus
669 1210 918 1265 concatenatus
937 1202 1092 1264 omnium
1114 1202 1148 1265 in
1170 1200 1230 1262 uni·

340 1319 439 1362 verso
457 1305 585 1372 creato,
605 1316 625 1358 a
643 1297 758 1378 primis
776 1295 820 1358 ad
838 1294 970 1370 ultima,
990 1304 1027 1359 et
1051 1294 1096 1358 ab
1118 1293 1231 1358 ultimis

341 1394 384 1455 ad
403 1393 519 1475 prima.

176 1504 222 1552 10.
253 1486 354 1569 Quod
377 1507 421 1550 ex
444 1485 509 1549 hoc
536 1483 603 1548 fine
625 1485 728 1547 insito
750 1484 885 1557 creatis,
905 1483 938 1546 in
961 1483 1135 1547 communi
1157 1481 1233 1546 etio

340 1591 448 1664 parte,
468 1581 512 1642 sit
530 1579 745 1643 conservatio
764 1578 918 1641 universi.

134 1775 242 1814 sum.

199 1896 223 1941 1.
255 1877 356 1960 Quod
375 1897 471 1941 amor
489 1877 532 1939 sit
552 1872 744 1957 conjunttio
763 1874 954 1957 spiritualis.

195 1988 224 2035 2.
255 1970 356 2053 Quod
385 1991 481 2035 verus
508 1989 603 2063 amof
629 1989 697 2031 non
727 1970 835 2051 possit
862 1969 1035 2050 quiescere
1067 1969 1101 2031 in
1131 1988 1178 2039 se,
1203 1984 1238 2029 ac

342 2066 431 2128 intra
458 2064 582 2146 proprii
606 2061 732 2125 limites
758 2062 927 2138 coerceri;
960 2062 1021 2125 sed
1046 2061 1139 2144 quod
1162 2058 1237 2123 velit

342 2159 447 2231 exire,
461 2168 496 2221 et
512 2156 597 2219 alios
613 2174 728 2219 amore
747 2151 940 2238 compleoti.

196 2271 224 2335 3.
256 2252 358 2335 Quod
382 2272 480 2315 verus
498 2270 593 2313 amor
611 2250 695 2313 velit
714 2249 873 2333 conjungi
892 2248 978 2325 aliis,
998 2270 1038 2312 ac
1062 2250 1131 2314 illis
1152 2268 1239 2314 com·

344 2347 514 2408 municare
532 2353 567 2407 et
588 2344 668 2407 dare
687 2364 756 2406 sua.

194 2461 225 2521 4.
256 2439 357 2524 Quod
376 2460 475 2503 verus
493 2458 588 2502 amor
607 2438 690 2502 velit
709 2438 864 2502 habitare
881 2439 915 2502 in
936 2437 1021 2513 aliis,
1039 2448 1074 2502 et
1095 2440 1128 2502 in
1148 2460 1183 2503 se
1200 2457 1240 2501 ex

343 2535 427 2598 aliis.

199 2645 225 2712 5.
257 2628 357 2712 Quod
386 2629 527 2690 Divinus
554 2627 674 2702 Amor,
699 2629 754 2709 qui
781 2636 834 2689 est
864 2627 935 2709 ipse
963 2626 1075 2690 Amor
1106 2636 1142 2691 et
1172 2627 1241 2709 lpse

344 2723 446 2796 Deus,
464 2722 546 2785 velit
566 2732 602 2785 ut
619 2723 661 2784 sit
682 2723 714 2784 in
731 2718 883 2801 subjeElo
898 2721 989 2803 quod
1006 2731 1061 2784 est
1080 2723 1196 2802 imago
1210 2728 1242 2782 et

343 2817 529 2880 similitudo
552 2818 674 2898 ipsius;
698 2824 956 2897 consequenter,
981 2816 1073 2897 quod
1102 2816 1184 2879 velit
1210 2823 1243 2876 ut

343 2913 387 2975 sit
407 2913 439 2973 in
456 2911 604 2984 homine,
621 2920 656 2973 et
675 2910 779 2972 homo
794 2911 827 2971 in
845 2911 928 2991 ipso.

195 3009 225 3071 6.
257 3007 306 3072 Ut
327 3007 391 3069 hoc
409 3005 479 3079 fiat,
497 3006 647 3086 sequitur
662 3025 707 3067 ex
727 3005 800 3086 ipsa
815 3004 965 3066 essentia
982 3002 1124 3066 Amoris
1144 3003 1244 3086 quiin

344 3102 418 3164 Deo
437 3111 500 3173 est,
519 3111 553 3162 et
573 3099 651 3162 inde
670 3120 714 3161 ex
734 3110 877 3179 urgente
894 3117 1007 3171 causa,
1024 3099 1118 3180 quod
1138 3119 1158 3162 a
1177 3099 1247 3161 Deo

343 3195 532 3257 universum
561 3193 742 3256 creandum
766 3194 822 3265 sit,
846 3193 878 3253 in
903 3212 970 3273 quo
998 3192 1068 3255 sint
1098 3193 1247 3266 tellures,

344 3301 378 3353 et
404 3310 504 3370 super
516 3288 634 3370 quibus
654 3287 819 3360 homines,
833 3306 872 3349 ac
889 3287 922 3348 in
942 3285 1137 3350 hominibus
1158 3307 1248 3350 men·

344 3397 395 3447 tes
415 3393 450 3446 et
469 3384 613 3456 animae,
634 3401 710 3444 cum
731 3381 850 3463 quibus
868 3379 978 3442 Amor
1000 3381 1148 3444 DivInus
1172 3401 1249 3445 con·

341 3477 435 3558 jungi
453 3487 579 3560 potest.

196 3590 225 3654 7.
257 3571 358 3661 Quod
381 3573 458 3635 ideo
481 3573 594 3634 omnia
613 3591 698 3653 quae
718 3579 833 3633 creata
852 3576 931 3631 sunt
955 3566 1119 3652 speoent
1143 3570 1252 3635 homi·

344 3686 420 3729 nem
442 3675 478 3727 ut
498 3664 609 3728 finem.

134 3785 138 3796 ·
193 3763 221 3824 8.
254 3759 341 3841 Quia
360 3760 491 3823 caelum
511 3760 703 3840 angelicum
722 3759 885 3822 formatur
909 3779 955 3821 ex
978 3757 1191 3835 hominibuS,
1211 3783 1255 3824 ex

344 3853 476 3916 illorum
494 3853 664 3935 spiritibus
680 3863 715 3926 et
732 3853 920 3925 animabus
932 3853 1023 3933 quod
1037 3855 1156 3917 omnia
1170 3876 1256 3938 quae

343 3957 458 4010 creata
471 3957 548 4009 sunt
563 3943 720 4029 speltent
732 3946 863 4009 caelum
878 3945 1072 4027 angelicum
1088 3959 1127 4012 ut
1143 3947 1256 4012 finem.

195 4062 225 4124 9.
258 4042 358 4124 Quod
378 4042 509 4104 caelum
526 4041 718 4122 angelicum
738 4041 783 4102 sit
802 4041 911 4122 ipsum
931 4040 1171 4105 habitaculum
1194 4044 1257 4106 Dei

343 4155 419 4199 cum
439 4136 641 4210 hominibus,
659 4144 695 4198 et
713 4133 887 4197 hominum
907 4153 983 4197 cum
1001 4134 1090 4198 Deo.

176 4354 192 4388 ¹⁸
211 4355 252 4415 [lu
267 4354 423 4413 autographo,
439 4359 486 4400 tres
500 4352 641 4412 pamgmphl
657 4365 721 4399 nune
736 4359 861 4411 sequentes
876 4351 939 4397 linea
953 4358 1088 4400 mustene
1104 4356 1139 4401 ab
1154 4357 1258 4406 sueton

132 4429 187 4470 sunt
197 4423 275 4472 deleti.
306 4423 345 4470 Sto
355 4422 411 4469 dicit
421 4420 770 4470 Nommskolm-leomm
778 4420 891 4467 arficulus
900 4420 1057 4479 subsequens,
1068 4434 1093 4469 n.
1107 4435 1146 4479 n,
1156 4438 1182 4484 p.
1192 4426 1243 4486 ις]
