2776 5040
333 197 531 250 eaourssro
553 198 755 250 novsurus
777 198 1007 250 nonius-n.
1026 200 1073 269 59.
1220 202 1260 269 73

140 369 186 433 ad
202 368 455 432 idololatricum
468 369 643 432 turmatim
655 367 847 433 abscedere.
880 367 1107 435 Tentationes
1120 371 1210 437 enim
1225 382 1262 437 et

141 461 346 526 afflidtiones
359 463 392 526 in
405 472 499 527 statu
511 464 715 527 vastationis
726 475 762 526 et
775 466 1013 546 oppressionis,
1028 484 1096 529 non
1108 475 1190 531 sunt
1199 468 1263 532 nisi

140 576 245 639 quam
268 577 404 640 pugnae
427 557 566 621 Domini
589 576 666 621 cum
690 558 838 622 Diabolo
864 559 907 622 de
932 559 1079 636 homine,
1103 561 1169 635 hoc
1195 572 1260 637 est,

140 651 185 715 de
204 653 318 715 anima
336 652 416 733 ejus,
435 654 509 736 quis
527 651 621 715 illam
640 644 874 735 possessurus;
907 662 942 716 et
965 654 1009 718 de
1026 674 1068 718 eo
1087 664 1180 718 statu
1196 656 1263 718 dici

92 790 99 800 -
141 755 260 827 potest
284 747 374 829 quod
402 748 495 810 Deus
518 745 654 810 lsraelis
679 767 738 810 seu
765 747 932 811 Dominus
956 748 1099 813 Messias
1122 760 1192 814 stet
1218 751 1263 815 ab

141 861 211 904 uno
235 842 351 916 latere,
372 862 411 905 ac
436 841 628 906 Beelzebub
649 852 686 906 et
709 841 855 924 Serpens
876 842 1041 906 Diabolus
1063 844 1108 907 ab
1128 844 1261 923 alter03

140 944 178 998 et
197 936 288 1018 quod
307 936 360 1000 hic
377 937 464 1001 sicut
483 937 606 999 flumen
623 956 668 999 ex
684 957 743 1000 ore
758 957 819 1000 suo
835 936 946 1017 ejiciat
963 939 1125 1001 scandala
1141 950 1263 1003 contra

142 1029 339 1106 Dominum,
359 1050 399 1094 ac
418 1031 585 1094 Dominus
604 1040 738 1094 avertat
757 1041 793 1095 et
816 1030 918 1094 tollat
941 1031 1010 1107 illa,
1030 1035 1131 1097 etsie
1151 1033 1261 1098 homi·
1380 1072 1384 1079 ·

141 1143 221 1187 nem
236 1124 355 1189 liberet
370 1146 390 1187 a
403 1126 604 1207 captivitate
616 1134 652 1188 et
664 1127 828 1189 servitute
840 1126 1023 1207 spirituali;
1046 1127 1129 1191 haec
1146 1148 1261 1211 pugna

140 1219 289 1283 sentitur
306 1222 339 1282 in
362 1220 498 1284 homine
517 1220 604 1283 sicut
627 1219 757 1284 abillo.
803 1218 904 1302 Quod
927 1222 1076 1285 tentatio
1094 1222 1172 1286 talis
1191 1221 1262 1287 sitm

140 1332 267 1394 pugna,
287 1323 323 1377 et
346 1312 425 1376 talis
443 1315 618 1396 perceptio
640 1315 685 1377 ab
707 1315 854 1388 homine,
874 1325 910 1379 et
933 1315 1012 1378 inde
1035 1319 1259 1399 cooperatio,

139 1426 280 1488 possum
299 1406 493 1487 juramento
512 1408 643 1484 testari,
664 1409 797 1490 saepius
820 1409 909 1471 enim
932 1419 1095 1491 expertus
1118 1412 1196 1474 novi
1219 1411 1259 1474 il·

139 1497 238 1564 laml'l
282 1499 382 1582 Quod
406 1500 465 1565 fiat
484 1512 584 1565 extra
603 1502 786 1574 hominem,
806 1512 841 1566 et
858 1503 1024 1567 sentiatur
1042 1504 1075 1567 in
1094 1504 1154 1569 illo
1172 1507 1260 1571 sicut

138 1596 183 1657 ab
203 1596 287 1677 ipso,
304 1605 341 1659 et
359 1596 450 1678 quod
470 1596 573 1659 homo
592 1607 689 1660 stans
707 1597 741 1659 in
761 1597 884 1672 medio,
901 1608 937 1661 et
956 1608 1185 1681 cooperetur,
1205 1611 1260 1666 est

138 1690 185 1753 ob
200 1688 302 1753 finem
318 1700 355 1753 ut
374 1691 560 1772 imputetur
574 1692 605 1754 ei
620 1710 750 1756 merces
766 1691 846 1755 dum
863 1693 986 1771 vincit;
1010 1694 1070 1757 sed
1085 1693 1143 1757 ille
1156 1694 1259 1759 homo

138 1784 250 1847 solum
261 1785 367 1849 vincit
383 1786 438 1868 qui
454 1783 588 1868 spectat
603 1784 647 1849 ad
663 1785 847 1849 Dominum
864 1796 899 1850 et
915 1785 1064 1852 confidet
1080 1789 1142 1852 sibi
1157 1811 1259 1873 opem

137 1879 183 1942 ab
207 1878 286 1961 Ipso
302 1879 386 1942 solo.
432 1877 534 1960 Quod
553 1880 780 1963 unusquisque
798 1881 853 1963 qui
876 1883 909 1944 in
929 1884 1177 1948 tentationibus
1195 1887 1259 1950 sibi

136 1975 268 2056 quaerit
291 1975 334 2037 ad
358 1973 553 2050 Dominum,
573 1975 699 2049 vincat,
724 1984 759 2038 et
782 1975 873 2058 quod
896 1975 1021 2059 alioqui
1044 1980 1256 2057 succumbat,

136 2067 360 2132 illustrabitur
392 2089 452 2151 per
482 2069 765 2150 comparationes.
811 2069 876 2134 Est
907 2072 994 2135 sicut
1024 2075 1120 2136 navis
1152 2094 1257 2158 prope

136 2162 297 2244 scopulos
308 2161 438 2244 jadlata
454 2162 613 2245 procellis
627 2184 635 2241 ;
659 2164 722 2227 nisi
739 2163 916 2227 nauclerus
932 2174 1013 2229 tunc
1030 2187 1075 2230 ex
1091 2189 1151 2232 sua
1169 2172 1257 2252 peri·

136 2257 185 2320 tia
204 2257 290 2320 sciat
309 2267 463 2321 avertere
482 2255 587 2333 illam,
607 2267 643 2323 et
662 2269 861 2322 convertere
880 2259 923 2321 ad
943 2261 1073 2324 exitum
1092 2272 1128 2326 et
1147 2264 1193 2327 sic
1213 2266 1257 2328 ad

136 2360 285 2432 portum,
306 2353 439 2433 periret.
485 2350 550 2415 Est
567 2353 653 2416 sicut
673 2353 750 2415 urbs
769 2354 909 2416 obsessa
927 2355 971 2417 ab
994 2354 1169 2435 hostibus;
1194 2361 1256 2424 nisi

136 2446 181 2509 sit
204 2445 327 2509 alicubi
345 2447 459 2510 evasio
478 2457 537 2511 aut
560 2447 734 2522 auxilium,
753 2448 824 2510 dux
844 2467 921 2511 cum
941 2448 1048 2512 milite
1071 2449 1108 2513 lit
1131 2472 1257 2535 exspes

136 2550 173 2604 et
192 2560 325 2614 excors,
346 2550 380 2603 et
404 2561 441 2603 se
460 2540 525 2603 illis
544 2541 641 2605 offert
661 2542 843 2623 captivum,
863 2552 898 2606 et
917 2543 1022 2606 vitam
1041 2564 1135 2607 suam
1154 2548 1254 2611 relin-

136 2636 209 2716 quit
228 2635 404 2698 arbitratui
426 2634 570 2699 illorum.
615 2636 679 2700 Est
702 2637 789 2699 sicut
808 2637 892 2719 quis,
912 2637 991 2700 dum
1012 2641 1255 2721 peregrinatur,

136 2732 313 2811 inopinato
332 2731 437 2794 intrat
457 2750 570 2793 casam
590 2732 645 2794 ubi
669 2731 828 2806 latrones,
849 2733 911 2794 nisi
934 2732 1014 2796 dum
1032 2734 1179 2800 inclusus
1202 2749 1255 2803 est

137 2827 264 2888 amicus
280 2821 422 2888 veniat¹⁸¹
437 2844 477 2888 ac
496 2824 607 2907 pulset
622 2824 771 2906 januam,
787 2836 845 2889 aut
864 2827 963 2891 sistat
981 2848 1018 2891 se
1037 2832 1254 2913 conspicuum

136 2919 179 2982 ad
199 2919 392 2994 fenestram,
412 2921 513 2984 etsie
533 2920 720 2984 nebulones
738 2920 815 2984 illos
833 2920 1004 2996 terrificet,
1024 2933 1059 2987 et
1078 2936 1212 2990 avertat
1236 2948 1256 2992 a

135 3012 276 3096 flagitio.
321 3013 385 3079 Est
400 3014 487 3079 sicut
503 3015 575 3097 quis
591 3015 707 3079 incidit
723 3014 757 3078 in
773 3014 981 3098 speluncam,
998 3018 1053 3081 ubi
1068 3039 1162 3083 ursus
1178 3042 1255 3087 cum

136 3109 268 3183 catulis,
288 3119 347 3173 aut
370 3111 403 3171 in
426 3108 557 3172 foveam
577 3110 633 3172 ubi
651 3119 730 3173 sunt
753 3109 850 3192 lupus
868 3121 903 3175 et
927 3111 1116 3194 leopardus,
1136 3115 1163 3178 si
1187 3138 1254 3180 non

136 3203 208 3284 ejus
227 3213 323 3285 pater
341 3213 400 3267 aut
418 3203 531 3277 irater,
547 3202 631 3267 haec
647 3204 777 3278 videns,
794 3204 906 3269 subito
925 3207 968 3269 ad
983 3205 1077 3270 illum
1093 3209 1254 3277 demittat

134 3297 263 3361 scalam
284 3308 342 3362 aut
364 3299 488 3374 funem,
507 3309 543 3363 et
565 3301 644 3365 inde
666 3300 777 3364 elevet
800 3301 904 3364 illum.
949 3301 1013 3366 Est
1035 3304 1121 3367 sicut
1140 3305 1196 3387 qui
1219 3307 1253 3368 in

133 3411 244 3472 opaco
266 3392 381 3456 nimbo
406 3394 552 3456 interdiu
573 3404 645 3459 stat
667 3404 725 3458 aut
748 3396 910 3470 ambulat,
934 3406 969 3461 et
996 3397 1074 3461 inde
1098 3418 1166 3462 non
1189 3401 1253 3462 scit

134 3506 203 3568 quo
225 3506 262 3548 se
284 3496 407 3560 vertat,
431 3488 493 3550 nisi
519 3490 685 3553 accendat
707 3490 769 3552 sibi
792 3489 973 3565 lucernam,
997 3501 1032 3555 et
1055 3493 1101 3556 sic
1124 3494 1253 3574 aperiat

134 3579 198 3643 sibi
220 3578 333 3643 locum
352 3582 407 3645 ubi
429 3591 499 3646 stat
522 3592 580 3646 aut
598 3584 687 3647 viam
710 3581 802 3666 qual⁴¹
820 3584 981 3651 ambulet.
1026 3585 1090 3649 Est
1109 3588 1195 3650 sicut
1219 3589 1252 3650 in

133 3674 246 3736 media
271 3673 382 3736 hieme
408 3682 472 3746 est,
496 3683 532 3736 et
559 3682 640 3738 tunc
667 3675 700 3737 in
728 3675 865 3757 penuria
891 3695 1057 3749 annonae,
1082 3678 1143 3740 nisi
1171 3687 1251 3742 tunc

134 3769 261 3832 nutriat
283 3766 360 3830 illos
378 3788 456 3850 spes
474 3777 637 3831 venturae
656 3771 774 3831 messis
792 3781 984 3834 recurrente
1003 3771 1084 3834 sole.
1129 3769 1252 3836 Simili·

133 3873 186 3926 ter
201 3863 287 3925 sicut
303 3862 376 3944 quis
392 3863 425 3924 in
442 3863 553 3926 media
569 3859 669 3927 nodie
687 3863 721 3927 in
737 3862 822 3927 silva
836 3875 937 3938 errat,
955 3865 1016 3929 nisi
1034 3886 1071 3929 se
1087 3864 1252 3931 refocillet

133 3977 193 4039 spe
220 3956 314 4032 lucis,
336 3966 373 4020 et
398 3957 431 4019 in
458 3977 519 4039 spe
544 3956 602 4020 illa
624 3958 774 4021 cubitum
801 3960 838 4034 it,
862 3970 898 4024 et
925 3960 1105 4043 tranquille
1127 3962 1252 4026 dormit

133 4071 238 4133 usque
260 4050 304 4114 ad
327 4052 538 4115 matutinam.
584 4050 648 4116 Est
666 4072 800 4135 quoque
818 4054 905 4117 sicut
924 4055 996 4136 quis
1015 4053 1132 4117 salutis
1150 4073 1254 4119 causa

132 4145 303 4211 desiderat
326 4146 443 4210 instrui
465 4146 499 4209 in
521 4145 587 4211 illis
609 4166 694 4229 quae
715 4144 927 4213 Christianae
951 4147 1139 4230 Religionis
1160 4160 1250 4225 sunt,
