2776 5040
514 502 566 554 DE
586 501 873 554 REDEMPTIONE.
1212 502 1252 571 37

197 687 227 753 7.
257 670 357 752 Quod
370 671 415 745 hi,
430 672 507 754 quia
520 670 607 735 tales
621 681 710 746 sunt,
722 682 886 754 perpetuo
899 681 1066 735 conentur
1078 672 1252 735 destruere

346 764 478 829 caelum
491 766 581 848 quod
597 786 697 847 supra
712 765 789 828 illos
805 775 858 830 est
871 787 878 844 ;
902 766 993 848 quod
1009 766 1112 829 etiam
1125 766 1252 829 faciunt

345 880 404 942 per
416 861 562 923 astutias
574 881 619 923 ex
636 860 776 936 inferno,
791 879 868 923 cum
884 880 951 942 quo
963 860 1075 943 quoad
1092 861 1253 923 interiora

346 975 405 1017 sua
425 975 527 1018 unum
546 956 683 1019 iaciunt.

197 1050 228 1113 8.
260 1048 343 1112 Inde
367 1050 528 1132 estquod
550 1051 584 1113 in
607 1049 673 1113 fine
696 1049 861 1114 ecclesiae
885 1051 989 1113 etiam
1012 1049 1144 1132 angelis
1167 1049 1253 1114 caeli

346 1143 523 1206 immineat
539 1144 698 1206 interitus
713 1153 749 1207 et
766 1144 844 1207 inde
860 1143 1046 1208 damnatio.

196 1254 228 1318 9.
261 1236 362 1319 Quod
381 1239 443 1301 nisi
462 1249 543 1303 tunc
563 1239 725 1320 judicium
744 1238 815 1312 fiat,
834 1239 946 1303 nullus
969 1240 1074 1303 homo
1096 1240 1130 1302 in
1154 1239 1253 1303 terris

346 1335 497 1414 potuerit
515 1333 649 1407 salvari,
667 1353 729 1396 nec
746 1333 867 1417 aliquis
885 1333 1029 1415 angelus
1044 1334 1078 1397 in
1096 1333 1200 1397 caelis
1218 1333 1252 1396 in

346 1426 457 1490 salute
476 1448 537 1490 sua
555 1428 749 1491 subsistere.

499 1941 659 2008 CAPUT
693 1941 902 2010 SEXTUM.

132 2178 253 2260 Quoo
274 2177 458 2259 Jsrrovnrr
482 2177 594 2254 Dans,
619 2192 690 2242 eun
712 2177 935 2242 onsuruu
962 2191 1063 2243 suun
1090 2193 1131 2242 nr
1154 2194 1254 2244 uuu-

265 2287 359 2348 ouu,
387 2286 571 2337 ‘rorarent
602 2287 723 2338 nunu
753 2286 1044 2338 oannnrrouau
1074 2287 1254 2338 susruns-

265 2381 349 2445 n1r;
373 2380 421 2430 nr
440 2381 510 2430 nan
535 2380 835 2442 1o‚u0u1unsru
850 2381 991 2433 numus
1013 2381 1061 2431 nr
1080 2381 1255 2432 suessos

264 2475 305 2525 m
328 2475 463 2527 casus
486 2475 720 2527 ansanum.

206 2663 232 2720 1.
262 2646 363 2729 Quod
392 2647 470 2729 Ipse
494 2645 649 2727 Jehovah
678 2644 771 2709 Deus
797 2646 831 2709 in
859 2646 1021 2711 mundum
1044 2646 1186 2722 venerit,
1211 2648 1254 2710 ad

349 2741 560 2805 liberandum
576 2740 732 2804 homines
750 2750 785 2804 et
805 2741 948 2823 angelos
964 2741 1008 2805 ab
1025 2741 1153 2804 insultu
1172 2751 1207 2806 et
1223 2743 1256 2804 vi

349 2835 479 2910 inferni,
496 2844 532 2898 et
550 2835 598 2897 sic
616 2855 638 2896 a
655 2835 886 2898 damnatione.

203 2946 233 2994 2.
264 2926 368 3009 Quod
385 2929 420 2992 id
438 2928 555 2993 fecerit
575 2948 635 3010 per
653 2947 786 3010 pugnas
805 2938 927 2992 contra
949 2927 1126 3001 infernum,
1143 2938 1178 2991 et
1198 2949 1257 3011 per

350 3020 508 3087 vidtorias
520 3041 621 3103 super
632 3022 736 3100 iliud;
759 3031 795 3086 et
807 3022 898 3105 quod
914 3022 998 3085 illud
1014 3022 1255 3104 subjugaverit,

349 3119 384 3180 in
407 3117 559 3180 ordinem
578 3117 760 3198 redegerit,
780 3125 815 3180 et
838 3137 919 3179 suae
942 3116 1158 3181 obedientiae
1177 3117 1255 3180 sub·

350 3212 490 3275 miserit.

205 3325 233 3389 3.
264 3307 365 3389 Quod
395 3307 498 3369 etiam
528 3314 609 3387 post
635 3304 700 3368 hoc
722 3303 883 3385 judicium
908 3305 1085 3378 creaverit,
1102 3304 1167 3367 hoc
1191 3315 1255 3377 est.

351 3400 558 3476 sormaverit,
582 3418 709 3463 novum
733 3397 878 3474 caelum,
902 3407 937 3461 et
959 3418 1021 3482 per
1043 3398 1108 3462 hoc
1132 3418 1257 3462 novam

351 3494 543 3558 ecclesiam.

202 3608 233 3670 4
267 3588 369 3671 Quod
388 3610 448 3671 per
462 3588 520 3652 illa
533 3588 688 3670 Jehovah
702 3587 794 3651 Deus
810 3584 854 3651 Se
870 3588 999 3651 miserit
1014 3588 1048 3650 in
1066 3589 1257 3669 potentiam

226 3744 240 3773 δ
350 3683 505 3748 salvandi
520 3702 640 3746 omnes
656 3683 712 3765 qui
730 3682 874 3745 credunt
893 3682 926 3744 in
943 3682 1059 3764 Ipsum
1076 3691 1112 3746 et
1131 3682 1259 3745 faciunt

351 3787 536 3860 praecepta
555 3777 673 3859 ipsius.

207 3888 234 3955 5.
265 3870 367 3953 Quod
396 3873 444 3936 sic
473 3872 655 3936 redemerit
684 3890 803 3935 omnes
831 3871 865 3934 in
890 3871 1047 3935 universo
1070 3870 1198 3934 mundo
1222 3881 1257 3933 et

351 3987 471 4032 omnes
489 3968 523 4030 in
542 3966 700 4030 uni-verso
716 3965 822 4029 caelo.

203 4063 234 4126 6.
266 4063 367 4145 Quod
395 4062 461 4125 hoc
491 4061 535 4125 sit
563 4059 789 4146 Evangelium
817 4060 907 4142 quod
930 4060 1030 4143 jussit
1058 4070 1095 4124 ut
1122 4060 1155 4122 in
1181 4069 1258 4123 toto

350 4166 517 4221 terrarum
536 4156 617 4219 orbe
636 4154 897 4236 praedicaretur.

203 4265 234 4334 7.
272 4248 374 4334 Quod
386 4251 451 4315 hoc
465 4250 692 4332 Evangelium
704 4249 750 4312 sit
762 4249 1016 4330 paenitentibus
1029 4270 1036 4326 ;
1061 4267 1129 4310 non
1142 4256 1258 4310 autem

352 4345 418 4409 illis
436 4346 491 4428 qui
507 4366 552 4409 ex
568 4344 745 4428 proposito
761 4343 1056 4426 transgrediuntur
1071 4350 1258 4424 praecepta

353 4439 472 4524 Ipsius.
