2776 5040
482 496 534 550 DE
555 495 661 551 NOVA
684 494 960 551 mosoma

677 911 755 996 [lv-l

391 1126 464 1201 DE
496 1126 692 1202 AMORE
727 1127 782 1201 lN
817 1126 1044 1203 GENERE

228 1501 315 1569 PSA
333 1505 405 1570 vita
419 1504 566 1569 hominis
581 1515 635 1570 est
647 1504 718 1587 ejus
733 1524 839 1579 amor,
851 1515 887 1570 et
902 1504 1011 1589 qualis
1023 1513 1077 1569 est
1089 1522 1187 1568 amor
1198 1502 1274 1568 talis

256 1609 309 1664 est
325 1601 407 1675 vita,
421 1600 525 1664 immo
541 1599 621 1664 talis
643 1609 696 1664 est
716 1608 811 1664 totus
829 1598 953 1663 homo:
977 1598 1038 1663 sed
1055 1617 1151 1662 amor
1166 1597 1274 1661 domi·

256 1713 342 1757 nans
364 1714 423 1758 seu
445 1714 593 1776 regnans
615 1704 668 1758 est
687 1696 743 1777 qui
765 1693 845 1758 facit
868 1692 1053 1757 hominem.
1098 1692 1163 1756 Ille
1182 1709 1276 1755 arnor

254 1789 317 1852 sibi
335 1788 574 1851 subordinatos
591 1787 696 1852 habet
715 1788 827 1870 plures
844 1806 987 1862 amores,
1007 1787 1063 1869 qui
1085 1795 1167 1850 sunt
1189 1785 1275 1849 deri·

158 1884 334 1960 vationes;
357 1881 391 1946 hi
407 1882 470 1945 sub
483 1881 551 1945 alia
566 1883 678 1964 specie
696 1891 874 1964 apparent,
889 1880 949 1945 sed
965 1901 1069 1964 usque
1088 1878 1213 1962 singuli
1229 1878 1276 1943 illi

158 1977 275 2041 insunt
291 1976 398 2040 amori
416 1975 618 2049 dominanti,
631 1985 667 2040 et
684 1975 836 2059 cumillo
852 1974 979 2039 faciunt
997 1993 1100 2037 unum
1113 1992 1275 2055 regnum;

158 2090 255 2134 arnor
263 2069 443 2133 dominans
461 2078 516 2133 est
531 2069 618 2132 sicut
633 2088 750 2133 eorum
765 2078 874 2133 texet
886 2078 1007 2150 caput;
1026 2070 1055 2133 is
1067 2068 1185 2149 dirigit
1204 2088 1273 2141 eos,

158 2173 195 2228 et
213 2183 360 2246 percos,
381 2173 417 2227 ut
441 2183 500 2246 per
518 2161 601 2227 fines
624 2162 766 2235 medios,
787 2159 921 2246 spectat
942 2170 980 2225 et
1001 2161 1150 2225 intendit
1173 2159 1276 2225 finem

158 2276 266 2333 suum,
289 2258 345 2340 qui
368 2256 518 2320 omnium
545 2258 720 2339 primarius
747 2267 782 2320 et
810 2255 947 2320 ultimus
969 2264 1034 2330 est,
1058 2264 1095 2319 et
1115 2255 1182 2319 hoc
1205 2264 1276 2319 tarn

158 2349 284 2416 diredte
306 2371 408 2435 quarn
431 2349 602 2416 indirecte.
648 2351 686 2414 Id
710 2351 800 2434 quod
829 2360 883 2414 est
909 2351 1034 2413 amoris
1056 2349 1274 2424 dominantis,

158 2455 211 2510 est
230 2447 321 2528 quod
339 2466 439 2528 super
457 2447 570 2509 omnia
589 2457 731 2509 amatur.

216 2553 288 2620 55.
309 2536 411 2618 Quod
424 2537 529 2600 homo
544 2557 646 2618 super
658 2538 773 2600 omnia
789 2546 895 2609 amat,
905 2535 1033 2617 jugiter
1045 2544 1100 2598 est
1113 2555 1276 2617 praesens

159 2635 192 2697 in
215 2633 285 2714 ejus
308 2634 529 2715 cogitatione,
549 2644 584 2697 et
607 2655 741 2717 quoque
767 2635 800 2696 in
829 2632 898 2713 ejus
916 2632 1107 2706 voluntate,
1128 2641 1165 2695 et
1195 2631 1276 2695 facit

159 2727 360 2810 ipsissimam
373 2728 478 2790 vitam
491 2726 570 2807 ejus.
606 2727 656 2792 Ut
671 2748 731 2810 pro
744 2726 905 2808 exemplo
917 2724 1037 2807 :-Qui
1049 2745 1150 2808 super
1162 2725 1277 2788 omnia

158 2832 252 2886 amat
268 2842 362 2904 opes,
376 2822 446 2885 sive
462 2822 530 2885 sint
547 2823 709 2902 pecuniae
725 2823 796 2884 sive
812 2821 1056 2903 possessiones,
1070 2822 1098 2883 is
1115 2820 1277 2883 continue

158 2917 272 2979 animo
289 2926 403 2980 versat
421 2917 593 2999 quomodo
616 2916 692 2980 illas
716 2917 778 2979 sibi
802 2924 989 2996 comparet,
1009 2915 1138 2996 gaudet
1157 2917 1277 2980 intime

159 3029 235 3074 cum
251 3011 405 3093 acquirit,
419 3010 514 3073 dolet
531 3012 650 3074 intime
666 3031 742 3074 cum
759 3012 905 3085 amittit;
925 3030 984 3074 cor
997 3010 1067 3091 ejus
1077 3020 1131 3074 est
1149 3011 1184 3073 in
1200 3010 1276 3074 illis.

159 3101 225 3186 Qui
244 3125 344 3186 super
362 3104 476 3167 omnia
495 3114 589 3168 amat
613 3125 660 3179 se,
680 3105 708 3168 is
727 3106 777 3167 sui
796 3104 993 3168 recordatur
1010 3104 1043 3166 in
1063 3104 1216 3186 singulis,
1234 3105 1277 3168 de

158 3216 196 3260 se
218 3199 362 3278 cogitat,
379 3197 422 3261 de
445 3217 481 3261 se
505 3196 664 3280 loquitur,
685 3208 823 3281 propter
846 3218 882 3261 se
900 3197 985 3278 agit,
1005 3196 1077 3260 vita
1092 3198 1183 3261 enirn
1206 3197 1276 3279 ejus

158 3299 211 3354 est
227 3291 299 3355 vita
313 3291 373 3354 sui.

216 3383 291 3465 56.
319 3382 436 3445 Homo
458 3402 520 3464 pro
538 3381 604 3446 fine
622 3383 729 3447 habet
749 3384 783 3447 id
801 3383 892 3466 quod
911 3382 1143 3464 superomnia
1159 3392 1275 3460 amat;

158 3474 241 3537 illud
257 3472 391 3556 spedtat
409 3476 443 3538 in
462 3477 618 3539 omnibus
637 3485 673 3538 et
692 3476 852 3556 singulis:
877 3485 930 3539 est
949 3476 983 3537 in
1002 3472 1184 3537 voluntate
1206 3473 1277 3556 ejus

158 3571 245 3632 sicut
269 3569 381 3633 latens
404 3589 492 3633 vena
513 3569 614 3643 fluvii,
634 3591 720 3652 quae
744 3570 850 3634 trahit
872 3579 908 3633 et
931 3569 1051 3642 aufert,
1071 3569 1176 3631 etiam
1199 3587 1276 3632 cum

157 3663 248 3727 aliud
267 3665 351 3746 agit,
368 3683 447 3727 narn
467 3665 500 3727 id
523 3675 577 3729 est
596 3666 687 3748 quod
706 3666 845 3728 animat.
890 3663 977 3727 Tale
1000 3670 1055 3726 est
1076 3664 1168 3749 quod
1191 3684 1277 3727 unus

157 3756 262 3821 homo
278 3758 368 3840 apud
387 3758 490 3821 aliurn
507 3759 679 3840 explorat,
697 3769 732 3823 et
748 3779 881 3842 quoque
896 3760 1011 3839 videt;
1035 3770 1072 3825 et
1089 3760 1277 3824 secundum

158 3851 192 3914 id
207 3851 262 3916 vel
281 3852 376 3915 ducit
391 3851 497 3927 illurn,
515 3852 570 3917 vel
590 3854 663 3934 agit
682 3872 758 3915 curn
777 3852 846 3916 illo.

216 3962 284 4031 57.
305 3947 423 4011 Homo
445 3967 583 4029 prorsus
599 3949 679 4011 talis
698 3959 764 4024 est,
775 3949 877 4031 quale
896 3960 950 4014 est
967 3949 1040 4031 ejus
1055 3951 1149 4014 vitae
1164 3950 1276 4014 domi·

159 4059 266 4119 nans;
290 4060 349 4122 per
365 4040 430 4103 hoc
447 4041 668 4122 distinguitur
686 4042 729 4104 ab
748 4040 842 4120 aliis;
866 4043 1051 4106 secundum
1068 4043 1134 4107 hoc
1150 4041 1189 4107 fit
1205 4043 1277 4125 ejus

158 4134 290 4198 caelum
309 4136 337 4197 si
355 4135 475 4212 bonus,
493 4146 529 4200 et
547 4134 586 4201 fit
605 4135 675 4217 ejus
694 4135 858 4200 infernum
878 4137 905 4199 si
924 4136 1054 4215 malus;
1077 4138 1110 4200 id
1130 4146 1185 4201 est
1202 4138 1278 4219 ipsa

157 4227 227 4309 ejus
239 4228 410 4304 voluntas,
423 4229 494 4311 ejus
507 4232 688 4312 proprium,
702 4240 737 4294 et
755 4230 826 4310 ejus
843 4240 974 4306 natura,
988 4240 1042 4294 est
1057 4231 1148 4294 enirn
1164 4232 1276 4314 ipsum

157 4343 233 4387 esse
249 4325 341 4387 vitae
357 4323 447 4405 ejus:
471 4325 536 4388 hoc
556 4335 636 4406 post
656 4334 802 4388 mortem
822 4326 944 4388 mutari
964 4345 1032 4388 non
1051 4334 1180 4408 potest,
1197 4327 1276 4409 quia

156 4418 191 4480 id
209 4428 263 4482 est
279 4419 350 4501 ipse
366 4416 481 4481 homo.
