2858 5046
182 486 222 548 16
500 498 551 548 DE
574 496 679 549 Nove
703 496 979 549 HIEROSOLYMA

179 665 261 720 illum
278 675 308 720 et
324 682 384 720 non
405 665 481 719 intra
496 665 588 727 illum,
604 675 638 720 ut
655 674 756 720 tamen
772 675 892 736 oportet
910 681 984 722 esse.
1022 664 1097 721 Inde
1115 680 1236 736 quoque
1254 679 1300 723 eet

177 748 258 818 quod
268 747 405 802 dotirina
414 747 575 810 charitatis,
584 762 660 818 quae
669 747 745 801 tanti
756 747 843 817 pretii
853 746 950 802 iuerat
959 748 1038 818 apud
1047 747 1195 818 antiquos.
1209 746 1301 801 hodie

178 829 256 882 inter
273 845 320 882 res
345 829 515 900 deperditas
536 828 591 884 sit:
615 827 682 899 quis
702 827 781 882 enim
804 827 894 882 hodie
916 828 1002 883 novit
1021 828 1093 899 quid
1116 827 1146 882 in
1167 826 1301 899 genuino

177 924 265 967 sensu
276 919 321 964 est
329 909 466 972 charitas,
474 919 505 964 et
515 909 587 980 quid
596 908 626 963 in
634 908 767 980 genuino
776 923 865 962 sensu
875 918 921 963 est
932 907 1106 979 proximus?
1120 923 1188 962 cum
1199 918 1302 962 tamen

178 990 227 1044 illa
240 988 376 1045 doftrina
388 1007 448 1045 non
464 990 555 1044 modo
568 989 598 1044 id
612 989 709 1051 docet,
720 989 773 1044 sed
787 989 908 1058 insuper
921 989 1084 1051 innumera,
1097 1003 1225 1059 quorum
1240 1002 1302 1042 non

179 1070 336 1125 millesima
357 1087 425 1140 pars
445 1070 535 1125 hodie
558 1068 661 1124 scitur.
697 1068 777 1124 Tota
800 1067 952 1139 Scriptura
970 1067 1060 1123 Sacra
1079 1083 1139 1123 non
1154 1067 1236 1123 aliud
1255 1077 1303 1123 est

177 1165 266 1221 quam
287 1150 432 1205 Dotirina
446 1150 569 1205 Amoris
585 1159 616 1205 et
631 1148 811 1212 Charitatis;
829 1149 911 1220 quod
927 1149 1016 1204 etiam
1037 1148 1185 1203 Dominus
1203 1148 1302 1210 docet.

178 1230 314 1293 dicendo,

225 1360 777 1409 “Amab'uDomlnumDeumtuumextoto
791 1359 964 1414 oordetuo‚et
979 1359 1004 1404 iu
1019 1365 1071 1405 tota
1085 1358 1262 1411 animetuuet
1277 1357 1303 1404 iu

298 1428 351 1467 tota
365 1427 446 1467 mente
461 1429 516 1476 ωας
536 1421 584 1467 hoc
599 1427 635 1466 eet
650 1420 790 1479 primerium
801 1425 826 1465 et
841 1431 957 1478 mgnum
972 1420 1126 1466 mundatum:
1137 1452 1142 1465 .
1152 1418 1303 1467 ‚secuudum

298 1482 375 1528 simile
384 1488 420 1528 eet
430 1481 471 1535 illi,
481 1481 582 1527 Amabit
590 1482 728 1540 proximum
738 1487 808 1526 tuum
817 1478 879 1526 sieut
889 1487 913 1526 te
959 1492 1014 1526 um:
1029 1492 1061 1525 ex
1070 1479 1108 1526 his
1122 1479 1219 1526 duobus
1233 1490 1303 1525 mn·

300 1542 375 1591 detis.
384 1576 392 1591 .
401 1542 453 1589 Iex
464 1548 489 1589 et
499 1541 633 1602 Propheta
642 1540 770 1601 pendeut''
782 1540 882 1600 (Malu.
960 1544 1056 1599 37-39).

180 1668 265 1725 “Lex
278 1680 309 1724 et
322 1669 490 1740 Prophetae
498 1667 513 1688 '¹
522 1677 593 1723 sunt
605 1665 737 1722 Verbum
751 1667 781 1722 in
796 1666 936 1722 omnibus
948 1677 979 1721 et
991 1665 1125 1738 singulis.

233 1771 297 1817 10.
323 1757 357 1813 In
371 1758 564 1830 sequentibus
575 1756 753 1828 adjicientur
765 1756 888 1829 singulis
904 1754 1118 1811 dotirinalibus
1132 1754 1250 1811 Collecia
1265 1774 1303 1813 ex

180 1841 309 1895 Arcamo
323 1839 499 1902 caelestibus,
512 1838 583 1911 quia
595 1838 625 1892 in
638 1837 685 1894 his
697 1838 802 1894 eadem
817 1837 945 1909 amplius
956 1837 1104 1909 explicata
1115 1846 1195 1892 sunt
