<?xml version="1.0" encoding="UTF-8"?>
<!DOCTYPE html PUBLIC "-//W3C//DTD XHTML 1.0 Transitional//EN"
    "http://www.w3.org/TR/xhtml1/DTD/xhtml1-transitional.dtd">
<html xmlns="http://www.w3.org/1999/xhtml" xml:lang="en" lang="en">
 <head>
  <title>
</title>
<meta http-equiv="Content-Type" content="text/html;charset=utf-8" />
  <meta name='ocr-system' content='tesseract 3.04.00' />
  <meta name='ocr-capabilities' content='ocr_page ocr_carea ocr_par ocr_line ocrx_word'/>
</head>
<body>
  <div class='ocr_page' id='page_1' title='image "./denovahiersosol00swedgoog_0503.png"; bbox 0 0 2776 5040; ppageno 0'>
   <div class='ocr_carea' id='block_1_1' title="bbox 606 441 779 493">
    <p class='ocr_par' dir='ltr' id='par_1_1' title="bbox 606 441 779 493">
     <span class='ocr_line' id='line_1_1' title="bbox 606 441 779 493; baseline 0.006 -1"><span class='ocrx_word' id='word_1_1' title='bbox 606 441 779 493; x_wconf 86' lang='lat' dir='ltr'><strong>CORONIS.</strong></span> 
     </span>
    </p>
   </div>
   <div class='ocr_carea' id='block_1_2' title="bbox 511 755 876 823">
    <p class='ocr_par' dir='ltr' id='par_1_2' title="bbox 511 755 876 823">
     <span class='ocr_line' id='line_1_2' title="bbox 511 755 876 823; baseline 0.008 -3"><span class='ocrx_word' id='word_1_2' title='bbox 511 755 575 820; x_wconf 89' lang='lat' dir='ltr'>DE</span> <span class='ocrx_word' id='word_1_3' title='bbox 600 755 876 823; x_wconf 87' lang='lat' dir='ltr'>MIRACULIS.</span> 
     </span>
    </p>
   </div>
   <div class='ocr_carea' id='block_1_3' title="bbox 137 978 1253 2478">
    <p class='ocr_par' dir='ltr' id='par_1_3' title="bbox 202 978 677 1064">
     <span class='ocr_line' id='line_1_3' title="bbox 202 978 677 1064; baseline 0.006 -22"><span class='ocrx_word' id='word_1_4' title='bbox 202 978 235 1061; x_wconf 82' lang='lat'>(5</span> <span class='ocrx_word' id='word_1_5' title='bbox 241 978 284 1063; x_wconf 82' lang='grc'>5.)</span> <span class='ocrx_word' id='word_1_6' title='bbox 318 979 490 1064; x_wconf 79' lang='lat' dir='ltr'>(Exfiliis</span> <span class='ocrx_word' id='word_1_7' title='bbox 505 980 677 1061; x_wconf 84' lang='lat' dir='ltr'><em>Israelis.)</em></span> 
     </span>
    </p>

    <p class='ocr_par' dir='ltr' id='par_1_4' title="bbox 202 1074 976 1159">
     <span class='ocr_line' id='line_1_4' title="bbox 202 1074 976 1159; baseline 0.005 -22"><span class='ocrx_word' id='word_1_8' title='bbox 202 1074 279 1154; x_wconf 84' lang='lat' dir='ltr'>(Ex</span> <span class='ocrx_word' id='word_1_9' title='bbox 299 1074 437 1138; x_wconf 82' lang='lat' dir='ltr'><em>Domini</em></span> <span class='ocrx_word' id='word_1_10' title='bbox 448 1075 569 1150; x_wconf 63' lang='lat' dir='ltr'>nabis,</span> <span class='ocrx_word' id='word_1_11' title='bbox 586 1075 626 1138; x_wconf 86' lang='lat' dir='ltr'>de</span> <span class='ocrx_word' id='word_1_12' title='bbox 639 1074 754 1138; x_wconf 79' lang='lat' dir='ltr'><em>Divite</em></span> <span class='ocrx_word' id='word_1_13' title='bbox 766 1086 799 1139; x_wconf 79' lang='lat' dir='ltr'>et</span> <span class='ocrx_word' id='word_1_14' title='bbox 812 1075 976 1159; x_wconf 72' lang='lat' dir='ltr'>Lazaro.)</span> 
     </span>
    </p>

    <p class='ocr_par' dir='ltr' id='par_1_5' title="bbox 203 1169 882 1252">
     <span class='ocr_line' id='line_1_5' title="bbox 203 1169 882 1252; baseline 0.003 -20"><span class='ocrx_word' id='word_1_15' title='bbox 203 1169 280 1249; x_wconf 79' lang='lat' dir='ltr'>(Ex</span> <span class='ocrx_word' id='word_1_16' title='bbox 296 1169 434 1233; x_wconf 82' lang='lat' dir='ltr'><em>Domini</em></span> <span class='ocrx_word' id='word_1_17' title='bbox 450 1169 571 1245; x_wconf 84' lang='lat' dir='ltr'>verbis,</span> <span class='ocrx_word' id='word_1_18' title='bbox 586 1169 687 1233; x_wconf 82' lang='lat' dir='ltr'>Mau.</span> <span class='ocrx_word' id='word_1_19' title='bbox 703 1171 799 1233; x_wconf 87' lang='lat' dir='ltr'><em>xxiv.</em></span> <span class='ocrx_word' id='word_1_20' title='bbox 812 1173 882 1252; x_wconf 82' lang='lat'>24)</span> 
     </span>
    </p>

    <p class='ocr_par' dir='ltr' id='par_1_6' title="bbox 137 1262 1253 2478">
     <span class='ocr_line' id='line_1_6' title="bbox 201 1262 1246 1348; baseline 0.005 -22"><span class='ocrx_word' id='word_1_21' title='bbox 201 1262 254 1327; x_wconf 92' lang='lat' dir='ltr'>De</span> <span class='ocrx_word' id='word_1_22' title='bbox 272 1263 440 1327; x_wconf 89' lang='lat' dir='ltr'>miraculis</span> <span class='ocrx_word' id='word_1_23' title='bbox 457 1265 594 1346; x_wconf 89' lang='lat' dir='ltr'>Papaeis</span> <span class='ocrx_word' id='word_1_24' title='bbox 614 1265 719 1346; x_wconf 83' lang='lat' dir='ltr'>(quae</span> <span class='ocrx_word' id='word_1_25' title='bbox 732 1264 1142 1348; x_wconf 82' lang='lat' dir='ltr'>enumerentur).-Quod</span> <span class='ocrx_word' id='word_1_26' title='bbox 1160 1267 1246 1331; x_wconf 87' lang='lat' dir='ltr'>unice</span> 
     </span>
     <span class='ocr_line' id='line_1_7' title="bbox 137 1357 1247 1440; baseline 0.002 -19"><span class='ocrx_word' id='word_1_27' title='bbox 137 1357 314 1434; x_wconf 84' lang='lat' dir='ltr'><strong>seducant,</strong></span> <span class='ocrx_word' id='word_1_28' title='bbox 342 1367 376 1422; x_wconf 91' lang='lat' dir='ltr'>et</span> <span class='ocrx_word' id='word_1_29' title='bbox 403 1378 471 1421; x_wconf 91' lang='lat' dir='ltr'>non</span> <span class='ocrx_word' id='word_1_30' title='bbox 498 1358 578 1440; x_wconf 91' lang='lat' dir='ltr'>quid</span> <span class='ocrx_word' id='word_1_31' title='bbox 603 1359 762 1435; x_wconf 83' lang='lat' dir='ltr'>doceant,</span> <span class='ocrx_word' id='word_1_32' title='bbox 786 1360 848 1423; x_wconf 91' lang='lat' dir='ltr'>nisi</span> <span class='ocrx_word' id='word_1_33' title='bbox 875 1371 912 1424; x_wconf 93' lang='lat' dir='ltr'>ut</span> <span class='ocrx_word' id='word_1_34' title='bbox 938 1361 1143 1425; x_wconf 86' lang='lat' dir='ltr'>invocentur</span> <span class='ocrx_word' id='word_1_35' title='bbox 1170 1363 1247 1425; x_wconf 90' lang='lat' dir='ltr'>sicut</span> 
     </span>
     <span class='ocr_line' id='line_1_8' title="bbox 138 1451 1247 1536; baseline 0.002 -21"><span class='ocrx_word' id='word_1_36' title='bbox 138 1453 285 1526; x_wconf 92' lang='lat' dir='ltr'>numina,</span> <span class='ocrx_word' id='word_1_37' title='bbox 305 1462 340 1517; x_wconf 89' lang='lat' dir='ltr'>et</span> <span class='ocrx_word' id='word_1_38' title='bbox 359 1452 423 1516; x_wconf 91' lang='lat' dir='ltr'>boc</span> <span class='ocrx_word' id='word_1_39' title='bbox 447 1453 492 1516; x_wconf 91' lang='lat' dir='ltr'>ob</span> <span class='ocrx_word' id='word_1_40' title='bbox 514 1451 614 1515; x_wconf 87' lang='lat' dir='ltr'>finem</span> <span class='ocrx_word' id='word_1_41' title='bbox 633 1461 670 1516; x_wconf 93' lang='lat' dir='ltr'>ut</span> <span class='ocrx_word' id='word_1_42' title='bbox 688 1473 805 1517; x_wconf 86' lang='lat' dir='ltr'>aurum</span> <span class='ocrx_word' id='word_1_43' title='bbox 824 1464 858 1518; x_wconf 90' lang='lat' dir='ltr'>et</span> <span class='ocrx_word' id='word_1_44' title='bbox 877 1463 1059 1536; x_wconf 85' lang='lat' dir='ltr'>argentum</span> <span class='ocrx_word' id='word_1_45' title='bbox 1079 1455 1247 1519; x_wconf 83' lang='lat' dir='ltr'>conferant</span> 
     </span>
     <span class='ocr_line' id='line_1_9' title="bbox 137 1545 1249 1631; baseline 0.003 -23"><span class='ocrx_word' id='word_1_46' title='bbox 137 1545 182 1608; x_wconf 94' lang='lat' dir='ltr'>ad</span> <span class='ocrx_word' id='word_1_47' title='bbox 201 1547 417 1622; x_wconf 87' lang='lat' dir='ltr'>monasteria,</span> <span class='ocrx_word' id='word_1_48' title='bbox 436 1566 495 1610; x_wconf 90' lang='lat' dir='ltr'>seu</span> <span class='ocrx_word' id='word_1_49' title='bbox 514 1556 551 1610; x_wconf 89' lang='lat' dir='ltr'>ut</span> <span class='ocrx_word' id='word_1_50' title='bbox 569 1546 750 1611; x_wconf 89' lang='lat' dir='ltr'>corradant</span> <span class='ocrx_word' id='word_1_51' title='bbox 769 1549 876 1612; x_wconf 90' lang='lat' dir='ltr'>totius</span> <span class='ocrx_word' id='word_1_52' title='bbox 895 1549 1012 1613; x_wconf 90' lang='lat' dir='ltr'>mundi</span> <span class='ocrx_word' id='word_1_53' title='bbox 1030 1569 1146 1631; x_wconf 88' lang='lat' dir='ltr'>gazas.</span> <span class='ocrx_word' id='word_1_54' title='bbox 1191 1549 1249 1612; x_wconf 90' lang='lat' dir='ltr'>Mi·</span> 
     </span>
     <span class='ocr_line' id='line_1_10' title="bbox 137 1639 1250 1722; baseline 0.004 -20"><span class='ocrx_word' id='word_1_55' title='bbox 137 1639 251 1703; x_wconf 91' lang='lat' dir='ltr'>racula</span> <span class='ocrx_word' id='word_1_56' title='bbox 280 1639 422 1722; x_wconf 90' lang='lat' dir='ltr'>plurium</span> <span class='ocrx_word' id='word_1_57' title='bbox 455 1640 609 1719; x_wconf 81' lang='lat' dir='ltr'>illorum3</span> <span class='ocrx_word' id='word_1_58' title='bbox 647 1650 685 1705; x_wconf 92' lang='lat' dir='ltr'>ut</span> <span class='ocrx_word' id='word_1_59' title='bbox 715 1641 860 1705; x_wconf 85' lang='lat' dir='ltr'>Antonii</span> <span class='ocrx_word' id='word_1_60' title='bbox 894 1643 1048 1721; x_wconf 90' lang='lat' dir='ltr'>Paduae;</span> <span class='ocrx_word' id='word_1_61' title='bbox 1088 1654 1126 1708; x_wconf 89' lang='lat' dir='ltr'>ut</span> <span class='ocrx_word' id='word_1_62' title='bbox 1156 1645 1250 1708; x_wconf 88' lang='lat' dir='ltr'>trium</span> 
     </span>
     <span class='ocr_line' id='line_1_11' title="bbox 139 1733 1250 1821; baseline 0.005 -24"><span class='ocrx_word' id='word_1_63' title='bbox 139 1733 337 1816; x_wconf 86' lang='lat' dir='ltr'>Sapientum</span> <span class='ocrx_word' id='word_1_64' title='bbox 368 1734 550 1813; x_wconf 89' lang='lat' dir='ltr'>Coloniae;</span> <span class='ocrx_word' id='word_1_65' title='bbox 588 1745 624 1799; x_wconf 92' lang='lat' dir='ltr'>ut</span> <span class='ocrx_word' id='word_1_66' title='bbox 655 1735 856 1800; x_wconf 90' lang='lat' dir='ltr'>miraculosa</span> <span class='ocrx_word' id='word_1_67' title='bbox 885 1735 1076 1813; x_wconf 87' lang='lat' dir='ltr'>simulacra,</span> <span class='ocrx_word' id='word_1_68' title='bbox 1099 1739 1145 1802; x_wconf 88' lang='lat' dir='ltr'>ad</span> <span class='ocrx_word' id='word_1_69' title='bbox 1171 1758 1250 1821; x_wconf 88' lang='lat' dir='ltr'>quae</span> 
     </span>
     <span class='ocr_line' id='line_1_12' title="bbox 138 1825 1251 1914; baseline 0.005 -23"><span class='ocrx_word' id='word_1_70' title='bbox 138 1829 287 1891; x_wconf 84' lang='lat' dir='ltr'>thesauri</span> <span class='ocrx_word' id='word_1_71' title='bbox 311 1825 457 1904; x_wconf 75' lang='lat' dir='ltr'>colledti,</span> <span class='ocrx_word' id='word_1_72' title='bbox 481 1829 588 1892; x_wconf 94' lang='lat' dir='ltr'>ubivis</span> <span class='ocrx_word' id='word_1_73' title='bbox 609 1831 643 1892; x_wconf 88' lang='lat' dir='ltr'>in</span> <span class='ocrx_word' id='word_1_74' title='bbox 670 1831 894 1905; x_wconf 87' lang='lat' dir='ltr'>monasteriis,</span> <span class='ocrx_word' id='word_1_75' title='bbox 918 1831 973 1894; x_wconf 93' lang='lat' dir='ltr'>ubi</span> <span class='ocrx_word' id='word_1_76' title='bbox 997 1834 1148 1914; x_wconf 88' lang='lat' dir='ltr'>parietes</span> <span class='ocrx_word' id='word_1_77' title='bbox 1169 1834 1251 1897; x_wconf 89' lang='lat' dir='ltr'>inte·</span> 
     </span>
     <span class='ocr_line' id='line_1_13' title="bbox 139 1920 1251 2004; baseline 0.006 -20"><span class='ocrx_word' id='word_1_78' title='bbox 139 1931 264 2003; x_wconf 87' lang='lat' dir='ltr'>guntur</span> <span class='ocrx_word' id='word_1_79' title='bbox 282 1920 419 2004; x_wconf 75' lang='lat' dir='ltr'>pidturis</span> <span class='ocrx_word' id='word_1_80' title='bbox 435 1922 670 1986; x_wconf 87' lang='lat' dir='ltr'>miraculorum</span> <span class='ocrx_word' id='word_1_81' title='bbox 688 1944 708 1986; x_wconf 90' lang='lat' dir='ltr'>a</span> <span class='ocrx_word' id='word_1_82' title='bbox 726 1924 794 1987; x_wconf 90' lang='lat' dir='ltr'>suis</span> <span class='ocrx_word' id='word_1_83' title='bbox 811 1922 949 2001; x_wconf 76' lang='lat' dir='ltr'>sandtis,</span> <span class='ocrx_word' id='word_1_84' title='bbox 969 1936 1006 1990; x_wconf 90' lang='lat' dir='ltr'>et</span> <span class='ocrx_word' id='word_1_85' title='bbox 1029 1926 1166 1990; x_wconf 89' lang='lat' dir='ltr'>illorum</span> <span class='ocrx_word' id='word_1_86' title='bbox 1184 1927 1251 1991; x_wconf 91' lang='lat' dir='ltr'>ido·</span> 
     </span>
     <span class='ocr_line' id='line_1_14' title="bbox 138 2015 1252 2102; baseline 0.006 -24"><span class='ocrx_word' id='word_1_87' title='bbox 138 2016 198 2094; x_wconf 92' lang='lat' dir='ltr'>lis;</span> <span class='ocrx_word' id='word_1_88' title='bbox 234 2026 271 2079; x_wconf 94' lang='lat' dir='ltr'>ut</span> <span class='ocrx_word' id='word_1_89' title='bbox 301 2015 376 2080; x_wconf 86' lang='lat' dir='ltr'>libri</span> <span class='ocrx_word' id='word_1_90' title='bbox 405 2019 448 2080; x_wconf 92' lang='lat' dir='ltr'>de</span> <span class='ocrx_word' id='word_1_91' title='bbox 474 2017 642 2082; x_wconf 84' lang='lat' dir='ltr'>miraculis</span> <span class='ocrx_word' id='word_1_92' title='bbox 669 2019 759 2081; x_wconf 88' lang='lat' dir='ltr'>Paris</span> <span class='ocrx_word' id='word_1_93' title='bbox 783 2028 818 2082; x_wconf 92' lang='lat' dir='ltr'>et</span> <span class='ocrx_word' id='word_1_94' title='bbox 844 2018 995 2082; x_wconf 88' lang='lat' dir='ltr'>aliorum.</span> <span class='ocrx_word' id='word_1_95' title='bbox 1048 2019 1141 2102; x_wconf 83' lang='lat' dir='ltr'>Quid</span> <span class='ocrx_word' id='word_1_96' title='bbox 1168 2021 1252 2085; x_wconf 91' lang='lat' dir='ltr'>aliud</span> 
     </span>
     <span class='ocr_line' id='line_1_15' title="bbox 138 2110 1253 2195; baseline 0.004 -23"><span class='ocrx_word' id='word_1_97' title='bbox 138 2129 238 2192; x_wconf 92' lang='lat' dir='ltr'>quam</span> <span class='ocrx_word' id='word_1_98' title='bbox 251 2119 287 2174; x_wconf 91' lang='lat' dir='ltr'>ut</span> <span class='ocrx_word' id='word_1_99' title='bbox 303 2112 502 2175; x_wconf 90' lang='lat' dir='ltr'>invocentur</span> <span class='ocrx_word' id='word_1_100' title='bbox 514 2122 651 2194; x_wconf 88' lang='lat' dir='ltr'>propter</span> <span class='ocrx_word' id='word_1_101' title='bbox 663 2110 763 2175; x_wconf 86' lang='lat' dir='ltr'>finem</span> <span class='ocrx_word' id='word_1_102' title='bbox 778 2110 844 2195; x_wconf 93' lang='lat' dir='ltr'>[ut]</span> <span class='ocrx_word' id='word_1_103' title='bbox 858 2113 998 2176; x_wconf 89' lang='lat' dir='ltr'>donaria</span> <span class='ocrx_word' id='word_1_104' title='bbox 1010 2112 1253 2178; x_wconf 82' lang='lat' dir='ltr'>corradanturl</span> 
     </span>
     <span class='ocr_line' id='line_1_16' title="bbox 139 2204 1252 2287; baseline 0.004 -19"><span class='ocrx_word' id='word_1_105' title='bbox 139 2204 207 2268; x_wconf 88' lang='lat' dir='ltr'>Sed</span> <span class='ocrx_word' id='word_1_106' title='bbox 223 2206 296 2287; x_wconf 90' lang='lat' dir='ltr'>quis</span> <span class='ocrx_word' id='word_1_107' title='bbox 311 2204 444 2268; x_wconf 89' lang='lat' dir='ltr'>illorum</span> <span class='ocrx_word' id='word_1_108' title='bbox 463 2206 573 2269; x_wconf 88' lang='lat' dir='ltr'>adhuc</span> <span class='ocrx_word' id='word_1_109' title='bbox 593 2205 708 2269; x_wconf 90' lang='lat' dir='ltr'>docuit</span> <span class='ocrx_word' id='word_1_110' title='bbox 727 2207 817 2270; x_wconf 90' lang='lat' dir='ltr'>viam</span> <span class='ocrx_word' id='word_1_111' title='bbox 835 2207 879 2270; x_wconf 87' lang='lat' dir='ltr'>ad</span> <span class='ocrx_word' id='word_1_112' title='bbox 902 2206 1046 2281; x_wconf 90' lang='lat' dir='ltr'>caelum,</span> <span class='ocrx_word' id='word_1_113' title='bbox 1067 2210 1152 2273; x_wconf 89' lang='lat' dir='ltr'>item</span> <span class='ocrx_word' id='word_1_114' title='bbox 1171 2208 1252 2272; x_wconf 86' lang='lat' dir='ltr'>veri·</span> 
     </span>
     <span class='ocr_line' id='line_1_17' title="bbox 138 2298 1253 2384; baseline 0.004 -23"><span class='ocrx_word' id='word_1_115' title='bbox 138 2309 230 2362; x_wconf 89' lang='lat' dir='ltr'>tates</span> <span class='ocrx_word' id='word_1_116' title='bbox 254 2298 430 2362; x_wconf 89' lang='lat' dir='ltr'>Ecclesiae</span> <span class='ocrx_word' id='word_1_117' title='bbox 452 2320 497 2363; x_wconf 91' lang='lat' dir='ltr'>ex</span> <span class='ocrx_word' id='word_1_118' title='bbox 517 2299 656 2364; x_wconf 86' lang='lat' dir='ltr'>Verbo?</span> <span class='ocrx_word' id='word_1_119' title='bbox 701 2300 931 2382; x_wconf 85' lang='lat' dir='ltr'>Quamobrem</span> <span class='ocrx_word' id='word_1_120' title='bbox 954 2301 1084 2384; x_wconf 90' lang='lat' dir='ltr'>placuit</span> <span class='ocrx_word' id='word_1_121' title='bbox 1108 2303 1253 2366; x_wconf 91' lang='lat' dir='ltr'>Domino</span> 
     </span>
     <span class='ocr_line' id='line_1_18' title="bbox 139 2393 1251 2478; baseline 0.004 -22"><span class='ocrx_word' id='word_1_122' title='bbox 139 2413 338 2475; x_wconf 88' lang='lat' dir='ltr'>praeparare</span> <span class='ocrx_word' id='word_1_123' title='bbox 354 2413 408 2457; x_wconf 93' lang='lat' dir='ltr'>me</span> <span class='ocrx_word' id='word_1_124' title='bbox 424 2414 444 2456; x_wconf 99' lang='lat' dir='ltr'>a</span> <span class='ocrx_word' id='word_1_125' title='bbox 459 2395 565 2475; x_wconf 87' lang='lat' dir='ltr'>prima</span> <span class='ocrx_word' id='word_1_126' title='bbox 577 2393 754 2475; x_wconf 89' lang='lat' dir='ltr'>juventute</span> <span class='ocrx_word' id='word_1_127' title='bbox 769 2396 812 2459; x_wconf 93' lang='lat' dir='ltr'>ad</span> <span class='ocrx_word' id='word_1_128' title='bbox 828 2397 1081 2478; x_wconf 89' lang='lat' dir='ltr'>percipiendum</span> <span class='ocrx_word' id='word_1_129' title='bbox 1092 2397 1251 2473; x_wconf 90' lang='lat' dir='ltr'>Verbum,</span> 
     </span>
    </p>
   </div>
   <div class='ocr_carea' id='block_1_4' title="bbox 139 2484 1252 2951">
    <p class='ocr_par' dir='ltr' id='par_1_7' title="bbox 139 2484 1252 2759">
     <span class='ocr_line' id='line_1_19' title="bbox 139 2484 1252 2571; baseline 0.004 -21"><span class='ocrx_word' id='word_1_130' title='bbox 139 2484 199 2551; x_wconf 83' lang='lat' dir='ltr'>¹¹¹et</span> <span class='ocrx_word' id='word_1_131' title='bbox 215 2488 404 2551; x_wconf 84' lang='lat' dir='ltr'>introduxit</span> <span class='ocrx_word' id='word_1_132' title='bbox 421 2489 453 2550; x_wconf 91' lang='lat' dir='ltr'>in</span> <span class='ocrx_word' id='word_1_133' title='bbox 471 2489 630 2551; x_wconf 88' lang='lat' dir='ltr'>mundum</span> <span class='ocrx_word' id='word_1_134' title='bbox 648 2490 868 2571; x_wconf 87' lang='lat' dir='ltr'>spiritualem,</span> <span class='ocrx_word' id='word_1_135' title='bbox 885 2502 921 2553; x_wconf 88' lang='lat' dir='ltr'>et</span> <span class='ocrx_word' id='word_1_136' title='bbox 935 2490 1135 2554; x_wconf 84' lang='lat' dir='ltr'>luminesui</span> <span class='ocrx_word' id='word_1_137' title='bbox 1151 2491 1252 2556; x_wconf 87' lang='lat' dir='ltr'>Verbi</span> 
     </span>
     <span class='ocr_line' id='line_1_20' title="bbox 141 2582 1252 2666; baseline 0.005 -23"><span class='ocrx_word' id='word_1_138' title='bbox 141 2584 276 2664; x_wconf 88' lang='lat' dir='ltr'>propius</span> <span class='ocrx_word' id='word_1_139' title='bbox 298 2582 488 2645; x_wconf 89' lang='lat' dir='ltr'>illustravit.</span> <span class='ocrx_word' id='word_1_140' title='bbox 538 2583 674 2647; x_wconf 89' lang='lat' dir='ltr'>Exinde</span> <span class='ocrx_word' id='word_1_141' title='bbox 698 2594 793 2666; x_wconf 90' lang='lat' dir='ltr'>patet</span> <span class='ocrx_word' id='word_1_142' title='bbox 816 2587 906 2666; x_wconf 91' lang='lat' dir='ltr'>quod</span> <span class='ocrx_word' id='word_1_143' title='bbox 929 2586 993 2648; x_wconf 91' lang='lat' dir='ltr'>hoc</span> <span class='ocrx_word' id='word_1_144' title='bbox 1013 2588 1172 2649; x_wconf 92' lang='lat' dir='ltr'>omnibus</span> <span class='ocrx_word' id='word_1_145' title='bbox 1195 2587 1252 2649; x_wconf 90' lang='lat' dir='ltr'>mi-</span> 
     </span>
     <span class='ocr_line' id='line_1_21' title="bbox 139 2676 438 2759; baseline -0.007 -19"><span class='ocrx_word' id='word_1_146' title='bbox 139 2676 260 2740; x_wconf 89' lang='lat' dir='ltr'>raculis</span> <span class='ocrx_word' id='word_1_147' title='bbox 279 2686 438 2759; x_wconf 88' lang='lat' dir='ltr'>praestet.</span> 
     </span>
    </p>

    <p class='ocr_par' dir='ltr' id='par_1_8' title="bbox 139 2771 1251 2951">
     <span class='ocr_line' id='line_1_22' title="bbox 203 2771 1251 2856; baseline 0.005 -23"><span class='ocrx_word' id='word_1_148' title='bbox 203 2771 436 2834; x_wconf 89' lang='lat' dir='ltr'>Beelschebub</span> <span class='ocrx_word' id='word_1_149' title='bbox 466 2773 544 2835; x_wconf 86' lang='lat' dir='ltr'>iecit</span> <span class='ocrx_word' id='word_1_150' title='bbox 575 2774 736 2837; x_wconf 91' lang='lat' dir='ltr'>miracula</span> <span class='ocrx_word' id='word_1_151' title='bbox 762 2795 841 2856; x_wconf 87' lang='lat' dir='ltr'>prae</span> <span class='ocrx_word' id='word_1_152' title='bbox 871 2774 943 2837; x_wconf 92' lang='lat' dir='ltr'>aliis</span> <span class='ocrx_word' id='word_1_153' title='bbox 970 2775 1033 2837; x_wconf 92' lang='lat' dir='ltr'>diis</span> <span class='ocrx_word' id='word_1_154' title='bbox 1060 2776 1251 2856; x_wconf 87' lang='lat' dir='ltr'>gentilibus,</span> 
     </span>
     <span class='ocr_line' id='line_1_23' title="bbox 139 2866 1176 2951; baseline 0.003 -22"><span class='ocrx_word' id='word_1_155' title='bbox 139 2875 176 2929; x_wconf 90' lang='lat' dir='ltr'>ut</span> <span class='ocrx_word' id='word_1_156' title='bbox 196 2876 292 2947; x_wconf 91' lang='lat' dir='ltr'>patet</span> <span class='ocrx_word' id='word_1_157' title='bbox 311 2887 355 2929; x_wconf 90' lang='lat' dir='ltr'>ex</span> <span class='ocrx_word' id='word_1_158' title='bbox 376 2867 494 2929; x_wconf 89' lang='lat' dir='ltr'>Veteri</span> <span class='ocrx_word' id='word_1_159' title='bbox 514 2866 758 2945; x_wconf 87' lang='lat' dir='ltr'>Testamento;</span> <span class='ocrx_word' id='word_1_160' title='bbox 782 2870 884 2931; x_wconf 88' lang='lat' dir='ltr'>etiam</span> <span class='ocrx_word' id='word_1_161' title='bbox 905 2867 1022 2932; x_wconf 87' lang='lat' dir='ltr'>Simon</span> <span class='ocrx_word' id='word_1_162' title='bbox 1042 2870 1176 2951; x_wconf 84' lang='lat' dir='ltr'>Magus.</span> 
     </span>
    </p>
   </div>
   <div class='ocr_carea' id='block_1_5' title="bbox 136 3061 1253 4168">
    <p class='ocr_par' dir='ltr' id='par_1_9' title="bbox 136 3061 1253 4168">
     <span class='ocr_line' id='line_1_24' title="bbox 205 3061 1252 3144; baseline 0.003 -19"><span class='ocrx_word' id='word_1_163' title='bbox 205 3061 285 3144; x_wconf 80' lang='lat'><strong>(56.)</strong></span> <span class='ocrx_word' id='word_1_164' title='bbox 312 3061 411 3143; x_wconf 86' lang='lat' dir='ltr'>Quod</span> <span class='ocrx_word' id='word_1_165' title='bbox 426 3064 591 3125; x_wconf 92' lang='lat' dir='ltr'>Dominus</span> <span class='ocrx_word' id='word_1_166' title='bbox 601 3065 788 3127; x_wconf 89' lang='lat' dir='ltr'>naturalem</span> <span class='ocrx_word' id='word_1_167' title='bbox 801 3064 983 3127; x_wconf 89' lang='lat' dir='ltr'>Hominem</span> <span class='ocrx_word' id='word_1_168' title='bbox 995 3066 1030 3127; x_wconf 91' lang='lat' dir='ltr'>in</span> <span class='ocrx_word' id='word_1_169' title='bbox 1041 3064 1085 3128; x_wconf 90' lang='lat' dir='ltr'>Se</span> <span class='ocrx_word' id='word_1_170' title='bbox 1098 3066 1252 3128; x_wconf 91' lang='lat' dir='ltr'>Divinum</span> 
     </span>
     <span class='ocr_line' id='line_1_25' title="bbox 139 3157 1252 3239; baseline 0.002 -19"><span class='ocrx_word' id='word_1_171' title='bbox 139 3157 265 3231; x_wconf 84' lang='lat' dir='ltr'>fecerit,</span> <span class='ocrx_word' id='word_1_172' title='bbox 283 3169 421 3239; x_wconf 86' lang='lat' dir='ltr'>propter</span> <span class='ocrx_word' id='word_1_173' title='bbox 437 3157 536 3219; x_wconf 88' lang='lat' dir='ltr'>finem</span> <span class='ocrx_word' id='word_1_174' title='bbox 555 3169 590 3220; x_wconf 92' lang='lat' dir='ltr'>ut</span> <span class='ocrx_word' id='word_1_175' title='bbox 606 3168 696 3221; x_wconf 84' lang='lat' dir='ltr'>esset</span> <span class='ocrx_word' id='word_1_176' title='bbox 714 3159 840 3221; x_wconf 90' lang='lat' dir='ltr'>Primus</span> <span class='ocrx_word' id='word_1_177' title='bbox 856 3170 891 3223; x_wconf 90' lang='lat' dir='ltr'>et</span> <span class='ocrx_word' id='word_1_178' title='bbox 911 3159 1072 3232; x_wconf 90' lang='lat' dir='ltr'>Ultimus,</span> <span class='ocrx_word' id='word_1_179' title='bbox 1091 3171 1126 3223; x_wconf 89' lang='lat' dir='ltr'>et</span> <span class='ocrx_word' id='word_1_180' title='bbox 1144 3163 1189 3223; x_wconf 89' lang='lat' dir='ltr'>sic</span> <span class='ocrx_word' id='word_1_181' title='bbox 1205 3162 1252 3222; x_wconf 90' lang='lat' dir='ltr'>in-</span> 
     </span>
     <span class='ocr_line' id='line_1_26' title="bbox 139 3253 1252 3335; baseline 0.001 -19"><span class='ocrx_word' id='word_1_182' title='bbox 139 3263 228 3316; x_wconf 89' lang='lat' dir='ltr'>trare</span> <span class='ocrx_word' id='word_1_183' title='bbox 248 3254 354 3335; x_wconf 90' lang='lat' dir='ltr'>possit</span> <span class='ocrx_word' id='word_1_184' title='bbox 373 3253 461 3332; x_wconf 89' lang='lat' dir='ltr'>apud</span> <span class='ocrx_word' id='word_1_185' title='bbox 485 3253 638 3315; x_wconf 88' lang='lat' dir='ltr'>homines</span> <span class='ocrx_word' id='word_1_186' title='bbox 658 3274 762 3334; x_wconf 88' lang='lat' dir='ltr'>usque</span> <span class='ocrx_word' id='word_1_187' title='bbox 781 3255 813 3315; x_wconf 90' lang='lat' dir='ltr'>in</span> <span class='ocrx_word' id='word_1_188' title='bbox 833 3253 1021 3317; x_wconf 89' lang='lat' dir='ltr'>naturalem</span> <span class='ocrx_word' id='word_1_189' title='bbox 1042 3255 1175 3317; x_wconf 91' lang='lat' dir='ltr'>illorum</span> <span class='ocrx_word' id='word_1_190' title='bbox 1195 3256 1252 3317; x_wconf 94' lang='lat' dir='ltr'>ho·</span> 
     </span>
     <span class='ocr_line' id='line_1_27' title="bbox 140 3347 1253 3421; baseline 0.002 -11"><span class='ocrx_word' id='word_1_191' title='bbox 140 3348 276 3421; x_wconf 89' lang='lat' dir='ltr'>minem,</span> <span class='ocrx_word' id='word_1_192' title='bbox 296 3357 331 3410; x_wconf 94' lang='lat' dir='ltr'>et</span> <span class='ocrx_word' id='word_1_193' title='bbox 350 3347 443 3409; x_wconf 92' lang='lat' dir='ltr'>illum</span> <span class='ocrx_word' id='word_1_194' title='bbox 463 3368 508 3409; x_wconf 90' lang='lat' dir='ltr'>ex</span> <span class='ocrx_word' id='word_1_195' title='bbox 528 3347 644 3410; x_wconf 91' lang='lat' dir='ltr'>Verbo</span> <span class='ocrx_word' id='word_1_196' title='bbox 662 3348 797 3420; x_wconf 89' lang='lat' dir='ltr'>docere,</span> <span class='ocrx_word' id='word_1_197' title='bbox 817 3369 856 3412; x_wconf 93' lang='lat' dir='ltr'>ac</span> <span class='ocrx_word' id='word_1_198' title='bbox 876 3349 1007 3412; x_wconf 90' lang='lat' dir='ltr'>ducere.</span> <span class='ocrx_word' id='word_1_199' title='bbox 1056 3350 1253 3412; x_wconf 89' lang='lat' dir='ltr'>Resurrexit</span> 
     </span>
     <span class='ocr_line' id='line_1_28' title="bbox 139 3440 1251 3527; baseline 0.002 -23"><span class='ocrx_word' id='word_1_200' title='bbox 139 3444 228 3504; x_wconf 89' lang='lat' dir='ltr'>enim</span> <span class='ocrx_word' id='word_1_201' title='bbox 245 3462 320 3504; x_wconf 88' lang='lat' dir='ltr'>cum</span> <span class='ocrx_word' id='word_1_202' title='bbox 337 3452 414 3504; x_wconf 90' lang='lat' dir='ltr'>toto</span> <span class='ocrx_word' id='word_1_203' title='bbox 431 3440 574 3503; x_wconf 88' lang='lat' dir='ltr'>naturali</span> <span class='ocrx_word' id='word_1_204' title='bbox 591 3463 649 3504; x_wconf 90' lang='lat' dir='ltr'>seu</span> <span class='ocrx_word' id='word_1_205' title='bbox 666 3452 813 3505; x_wconf 87' lang='lat' dir='ltr'>externo</span> <span class='ocrx_word' id='word_1_206' title='bbox 832 3443 978 3517; x_wconf 90' lang='lat' dir='ltr'>bomine,</span> <span class='ocrx_word' id='word_1_207' title='bbox 997 3463 1059 3505; x_wconf 88' lang='lat' dir='ltr'>nec</span> <span class='ocrx_word' id='word_1_208' title='bbox 1077 3445 1251 3527; x_wconf 90' lang='lat' dir='ltr'>quicquam</span> 
     </span>
     <span class='ocr_line' id='line_1_29' title="bbox 139 3536 1251 3620; baseline 0.001 -21"><span class='ocrx_word' id='word_1_209' title='bbox 139 3537 182 3599; x_wconf 92' lang='lat' dir='ltr'>de</span> <span class='ocrx_word' id='word_1_210' title='bbox 195 3557 236 3599; x_wconf 91' lang='lat' dir='ltr'>eo</span> <span class='ocrx_word' id='word_1_211' title='bbox 249 3537 380 3618; x_wconf 89' lang='lat' dir='ltr'>reliquit</span> <span class='ocrx_word' id='word_1_212' title='bbox 394 3537 426 3598; x_wconf 91' lang='lat' dir='ltr'>in</span> <span class='ocrx_word' id='word_1_213' title='bbox 440 3536 614 3617; x_wconf 89' lang='lat' dir='ltr'>sepulcro:</span> <span class='ocrx_word' id='word_1_214' title='bbox 639 3558 740 3618; x_wconf 88' lang='lat' dir='ltr'>quare</span> <span class='ocrx_word' id='word_1_215' title='bbox 758 3539 846 3600; x_wconf 89' lang='lat' dir='ltr'>dixit</span> <span class='ocrx_word' id='word_1_216' title='bbox 866 3538 955 3620; x_wconf 93' lang='lat' dir='ltr'>quod</span> <span class='ocrx_word' id='word_1_217' title='bbox 972 3559 1050 3600; x_wconf 87' lang='lat' dir='ltr'>ossa</span> <span class='ocrx_word' id='word_1_218' title='bbox 1067 3548 1102 3601; x_wconf 93' lang='lat' dir='ltr'>et</span> <span class='ocrx_word' id='word_1_219' title='bbox 1120 3558 1251 3602; x_wconf 91' lang='lat' dir='ltr'>carnem</span> 
     </span>
     <span class='ocr_line' id='line_1_30' title="bbox 139 3630 1252 3716; baseline 0.002 -22"><span class='ocrx_word' id='word_1_220' title='bbox 139 3633 291 3706; x_wconf 88' lang='lat' dir='ltr'>haberet,</span> <span class='ocrx_word' id='word_1_221' title='bbox 319 3651 406 3713; x_wconf 89' lang='lat' dir='ltr'>quae</span> <span class='ocrx_word' id='word_1_222' title='bbox 437 3650 504 3693; x_wconf 90' lang='lat' dir='ltr'>non</span> <span class='ocrx_word' id='word_1_223' title='bbox 533 3632 668 3713; x_wconf 91' lang='lat' dir='ltr'>spiritus</span> <span class='ocrx_word' id='word_1_224' title='bbox 698 3632 845 3709; x_wconf 88' lang='lat' dir='ltr'>habent;</span> <span class='ocrx_word' id='word_1_225' title='bbox 877 3642 912 3695; x_wconf 92' lang='lat' dir='ltr'>et</span> <span class='ocrx_word' id='word_1_226' title='bbox 943 3630 1037 3713; x_wconf 89' lang='lat' dir='ltr'>[inde</span> <span class='ocrx_word' id='word_1_227' title='bbox 1068 3632 1137 3716; x_wconf 87' lang='lat' dir='ltr'>est]</span> <span class='ocrx_word' id='word_1_228' title='bbox 1166 3633 1252 3715; x_wconf 89' lang='lat' dir='ltr'>quod</span> 
     </span>
     <span class='ocr_line' id='line_1_31' title="bbox 140 3725 1252 3807; baseline 0 -18"><span class='ocrx_word' id='word_1_229' title='bbox 140 3726 246 3789; x_wconf 88' lang='lat' dir='ltr'>ederit</span> <span class='ocrx_word' id='word_1_230' title='bbox 266 3736 300 3788; x_wconf 91' lang='lat' dir='ltr'>et</span> <span class='ocrx_word' id='word_1_231' title='bbox 320 3726 441 3789; x_wconf 85' lang='lat' dir='ltr'>biberit</span> <span class='ocrx_word' id='word_1_232' title='bbox 464 3744 540 3788; x_wconf 90' lang='lat' dir='ltr'>cum</span> <span class='ocrx_word' id='word_1_233' title='bbox 564 3725 735 3807; x_wconf 90' lang='lat' dir='ltr'>discipulis</span> <span class='ocrx_word' id='word_1_234' title='bbox 754 3746 798 3788; x_wconf 90' lang='lat' dir='ltr'>ex</span> <span class='ocrx_word' id='word_1_235' title='bbox 823 3727 904 3789; x_wconf 91' lang='lat' dir='ltr'>cibis</span> <span class='ocrx_word' id='word_1_236' title='bbox 924 3726 1145 3803; x_wconf 62' lang='lat' dir='ltr'>naturalibus</span> <span class='ocrx_word' id='word_1_237' title='bbox 1166 3739 1200 3791; x_wconf 89' lang='lat' dir='ltr'>et</span> <span class='ocrx_word' id='word_1_238' title='bbox 1221 3728 1252 3790; x_wconf 89' lang='lat' dir='ltr'>in</span> 
     </span>
     <span class='ocr_line' id='line_1_32' title="bbox 139 3817 1252 3904; baseline 0 -20"><span class='ocrx_word' id='word_1_239' title='bbox 139 3817 323 3901; x_wconf 69' lang='lat' dir='ltr'>conspeitu</span> <span class='ocrx_word' id='word_1_240' title='bbox 338 3820 481 3883; x_wconf 91' lang='lat' dir='ltr'>illorum.</span> <span class='ocrx_word' id='word_1_241' title='bbox 520 3817 621 3901; x_wconf 85' lang='lat' dir='ltr'>Quod</span> <span class='ocrx_word' id='word_1_242' title='bbox 640 3819 781 3882; x_wconf 89' lang='lat' dir='ltr'>Divinus</span> <span class='ocrx_word' id='word_1_243' title='bbox 796 3820 903 3894; x_wconf 87' lang='lat' dir='ltr'>luerit,</span> <span class='ocrx_word' id='word_1_244' title='bbox 921 3822 1073 3884; x_wconf 90' lang='lat' dir='ltr'>ostendit</span> <span class='ocrx_word' id='word_1_245' title='bbox 1090 3843 1151 3903; x_wconf 91' lang='lat' dir='ltr'>per</span> <span class='ocrx_word' id='word_1_246' title='bbox 1166 3821 1252 3904; x_wconf 92' lang='lat' dir='ltr'>quod</span> 
     </span>
     <span class='ocr_line' id='line_1_33' title="bbox 138 3912 1251 4000; baseline 0.002 -23"><span class='ocrx_word' id='word_1_247' title='bbox 138 3915 310 3977; x_wconf 90' lang='lat' dir='ltr'>transierit</span> <span class='ocrx_word' id='word_1_248' title='bbox 322 3914 452 3996; x_wconf 90' lang='lat' dir='ltr'>januas,</span> <span class='ocrx_word' id='word_1_249' title='bbox 470 3924 504 3976; x_wconf 91' lang='lat' dir='ltr'>et</span> <span class='ocrx_word' id='word_1_250' title='bbox 521 3914 696 3977; x_wconf 89' lang='lat' dir='ltr'>invisibilis</span> <span class='ocrx_word' id='word_1_251' title='bbox 712 3912 828 3990; x_wconf 71' lang='lat' dir='ltr'>satius,</span> <span class='ocrx_word' id='word_1_252' title='bbox 846 3914 936 3996; x_wconf 93' lang='lat' dir='ltr'>quod</span> <span class='ocrx_word' id='word_1_253' title='bbox 955 3913 1025 3978; x_wconf 90' lang='lat' dir='ltr'>fieri</span> <span class='ocrx_word' id='word_1_254' title='bbox 1042 3936 1251 4000; x_wconf 87' lang='lat' dir='ltr'>nequaquam</span> 
     </span>
     <span class='ocr_line' id='line_1_34' title="bbox 139 4007 1252 4091; baseline 0.001 -18"><span class='ocrx_word' id='word_1_255' title='bbox 139 4009 250 4091; x_wconf 91' lang='lat' dir='ltr'>potuit</span> <span class='ocrx_word' id='word_1_256' title='bbox 266 4008 329 4070; x_wconf 89' lang='lat' dir='ltr'>nisi</span> <span class='ocrx_word' id='word_1_257' title='bbox 347 4009 418 4090; x_wconf 89' lang='lat' dir='ltr'>ipse</span> <span class='ocrx_word' id='word_1_258' title='bbox 434 4007 597 4071; x_wconf 88' lang='lat' dir='ltr'>naturalis</span> <span class='ocrx_word' id='word_1_259' title='bbox 618 4008 733 4072; x_wconf 91' lang='lat' dir='ltr'>Homo</span> <span class='ocrx_word' id='word_1_260' title='bbox 751 4010 854 4072; x_wconf 91' lang='lat' dir='ltr'>etiam</span> <span class='ocrx_word' id='word_1_261' title='bbox 870 4009 958 4091; x_wconf 94' lang='lat' dir='ltr'>apud</span> <span class='ocrx_word' id='word_1_262' title='bbox 979 4010 1095 4091; x_wconf 86' lang='lat' dir='ltr'>Ipsum</span> <span class='ocrx_word' id='word_1_263' title='bbox 1114 4012 1252 4076; x_wconf 89' lang='lat' dir='ltr'>Divinus</span> 
     </span>
     <span class='ocr_line' id='line_1_35' title="bbox 136 4102 317 4168; baseline -0.017 -1"><span class='ocrx_word' id='word_1_264' title='bbox 136 4102 245 4168; x_wconf 68' lang='lat' dir='ltr'>taetus</span> <span class='ocrx_word' id='word_1_265' title='bbox 263 4104 317 4167; x_wconf 90' lang='lat' dir='ltr'>sit.</span> 
     </span>
    </p>
   </div>
   <div class='ocr_carea' id='block_1_6' title="bbox 138 4295 1253 4476">
    <p class='ocr_par' dir='ltr' id='par_1_10' title="bbox 138 4295 1253 4476">
     <span class='ocr_line' id='line_1_36' title="bbox 203 4295 1253 4380; baseline 0 -18"><span class='ocrx_word' id='word_1_266' title='bbox 203 4295 284 4380; x_wconf 84' lang='lat'>(57.)</span> <span class='ocrx_word' id='word_1_267' title='bbox 316 4295 417 4378; x_wconf 88' lang='lat' dir='ltr'>Quod</span> <span class='ocrx_word' id='word_1_268' title='bbox 434 4298 547 4361; x_wconf 91' lang='lat' dir='ltr'>omnia</span> <span class='ocrx_word' id='word_1_269' title='bbox 559 4318 645 4380; x_wconf 92' lang='lat' dir='ltr'>quae</span> <span class='ocrx_word' id='word_1_270' title='bbox 660 4297 703 4361; x_wconf 91' lang='lat' dir='ltr'>ab</span> <span class='ocrx_word' id='word_1_271' title='bbox 715 4297 917 4361; x_wconf 89' lang='lat' dir='ltr'>orthodoxis</span> <span class='ocrx_word' id='word_1_272' title='bbox 930 4298 1088 4362; x_wconf 87' lang='lat' dir='ltr'>dicuntur</span> <span class='ocrx_word' id='word_1_273' title='bbox 1099 4299 1201 4364; x_wconf 88' lang='lat' dir='ltr'>hodie</span> <span class='ocrx_word' id='word_1_274' title='bbox 1213 4299 1253 4363; x_wconf 89' lang='lat' dir='ltr'>de</span> 
     </span>
     <span class='ocr_line' id='line_1_37' title="bbox 138 4389 1253 4476; baseline 0.002 -20"><span class='ocrx_word' id='word_1_275' title='bbox 138 4391 280 4476; x_wconf 86' lang='lat' dir='ltr'>Spiritus</span> <span class='ocrx_word' id='word_1_276' title='bbox 298 4389 413 4457; x_wconf 66' lang='lat' dir='ltr'>saneti</span> <span class='ocrx_word' id='word_1_277' title='bbox 433 4393 590 4456; x_wconf 89' lang='lat' dir='ltr'>missione</span> <span class='ocrx_word' id='word_1_278' title='bbox 607 4392 741 4470; x_wconf 88' lang='lat' dir='ltr'>cadant,</span> <span class='ocrx_word' id='word_1_279' title='bbox 759 4392 838 4455; x_wconf 93' lang='lat' dir='ltr'>dum</span> <span class='ocrx_word' id='word_1_280' title='bbox 857 4394 961 4457; x_wconf 88' lang='lat' dir='ltr'>scitur</span> <span class='ocrx_word' id='word_1_281' title='bbox 972 4394 1068 4476; x_wconf 86' lang='lat' dir='ltr'>quod</span> <span class='ocrx_word' id='word_1_282' title='bbox 1088 4394 1253 4460; x_wconf 86' lang='lat' dir='ltr'>Dominus</span> 
     </span>
    </p>
   </div>
   <div class='ocr_carea' id='block_1_7' title="bbox 0 0 1394 5040">
    <p class='ocr_par' dir='ltr' id='par_1_11' title="bbox 0 0 1394 5040">
     <span class='ocr_line' id='line_1_38' title="bbox 0 0 1394 5040; baseline 0 0"><span class='ocrx_word' id='word_1_283' title='bbox 0 0 1394 5040; x_wconf 95' lang='lat' dir='ltr'> </span> 
     </span>
    </p>
   </div>
  </div>
 </body>
</html>
