2776 5040
327 497 378 548 DE
401 495 478 548 DEO
500 494 759 547 REDEMPTORE
781 494 866 562 JESU
888 492 1063 546 CHRISTO.
1209 493 1250 559 27

345 664 474 728 vellent
486 663 648 728 scandala
663 663 706 728 de
726 663 887 727 Humano
900 662 1037 726 Domini
1055 662 1099 725 ab
1111 659 1196 726 Ario
1214 669 1251 724 et

346 759 416 840 ejus
434 759 572 822 asseclis
590 758 810 822 disseminata
828 758 965 821 evitare.

195 866 228 935 7.
259 849 361 935 Quod
377 854 546 935 primitiva
561 852 715 927 ecclesia,
729 872 815 935 quae
831 851 1017 914 vocabatur
1033 847 1249 930 Apostolica,

345 947 388 1010 de
408 947 585 1010 nativitate
604 944 742 1026 alicujus
762 944 837 1008 Filii
860 945 924 1008 Dei
947 944 991 1009 ab
1008 952 1150 1008 aeterno
1168 939 1251 1005 nihil

345 1040 492 1104 sciverit.

547 1296 848 1310 —

507 1482 665 1549 CAPUT
695 1482 904 1548 SEXTUM.

121 1697 252 1782 ‘Quod
268 1699 458 1775 Domuus,
473 1712 659 1778 Qunuruu
676 1712 764 1763 rum
779 1712 820 1762 m
837 1699 978 1763 Drvmo
995 1697 1106 1764 vano
1122 1712 1253 1778 Quom>

265 1794 483 1868 Huunnunr,
506 1807 690 1867 seorsum,
714 1807 875 1859 rancun
899 1807 1038 1859 ruerem
1064 1808 1106 1858 m
1131 1808 1254 1860 srnru

263 1887 586 1965 Exmnn1rrorr1s3
617 1901 666 1951 er
688 1900 875 1965 Quantum
899 1901 987 1952 rtur
1009 1901 1088 1953 cuu
1111 1888 1254 1953 Drvmo

264 1981 383 2056 Bono,
415 1995 668 2060 coanucrnu,
699 1994 861 2046 ranruu
891 1994 1031 2047 rueme
1061 1995 1103 2046 nr
1132 1995 1254 2047 scaro

265 2075 617 2140 Geonrrmarronrs

203 2275 230 2322 1.
261 2256 362 2340 Quod
386 2258 535 2322 Domino
557 2258 679 2322 suerint
702 2258 771 2322 bini
794 2266 915 2333 status,
936 2279 1021 2323 unus
1039 2258 1095 2341 qui
1113 2268 1256 2323 vocatur

350 2362 461 2415 status
479 2353 732 2428 exinanitionis,
752 2353 840 2416 alter
856 2354 912 2434 qui
931 2352 1196 2435 glorificationis.

201 2462 230 2510 2.
263 2444 364 2526 Quod
388 2456 498 2509 status
516 2448 757 2510 exinanitionis
779 2448 882 2510 etiam
901 2447 998 2511 suerit
1016 2455 1127 2512 status
1145 2447 1255 2511 humi·

350 2539 498 2604 liationis
517 2559 631 2603 coram
655 2540 766 2614 Patre,
785 2552 821 2604 et
844 2540 935 2622 quod
957 2549 1068 2605 status
1086 2539 1255 2623 glorifica·

350 2635 453 2697 tionis
470 2634 568 2698 suerit
586 2645 698 2698 status
717 2635 877 2698 unitionis
896 2653 972 2698 cum
989 2635 1097 2699 Patre.

204 2742 233 2808 3.
265 2725 365 2808 Quod
390 2728 565 2802 Dominus,
585 2748 661 2792 cum
685 2728 746 2793 suit
768 2729 801 2791 in
824 2737 917 2792 statu
937 2728 1179 2792 exinanitionis
1198 2749 1256 2792 seu

350 2822 602 2897 humiliationis,
616 2824 761 2886 oraverit
777 2822 820 2886 ad
834 2822 967 2887 Patrem
980 2824 1067 2887 sicut
1078 2823 1256 2887 absentem

349 2937 408 2979 seu
426 2927 615 2994 remotum;
643 2926 678 2979 at
697 2917 787 2999 quod
810 2936 887 2980 cum
905 2917 965 2981 suit
989 2918 1023 2979 in
1041 2927 1135 2980 statu
1153 2917 1256 2999 glori·

348 3009 515 3073 ficationis
534 3031 592 3074 seu
613 3012 772 3074 unitionis
791 3011 925 3075 locutus
943 3013 987 3076 sit
1006 3031 1081 3075 curn
1101 3009 1145 3075 Se
1165 3010 1255 3092 Ipso,

349 3104 431 3167 dum
453 3124 530 3168 cum
555 3105 675 3183 Patre;
706 3124 841 3187 prorsus
863 3106 951 3169 sicut
973 3106 1062 3187 apud
1084 3105 1257 3170 hominem

348 3208 429 3261 sunt
459 3200 592 3262 animae
622 3208 658 3262 et
688 3200 837 3282 corporis
863 3210 984 3276 status,
1008 3209 1089 3263 ante
1115 3210 1152 3263 et
1179 3209 1257 3281 post

350 3294 655 3373 regenerationem.

198 3402 232 3467 4.
264 3384 365 3468 Quod
389 3387 567 3462 Dominus,
592 3408 667 3451 cum
692 3389 724 3451 in
749 3388 874 3452 Divino
893 3389 986 3453 Vero
1008 3389 1069 3454 suit
1092 3405 1255 3460 seorsum,

348 3480 448 3544 suerit
471 3482 505 3543 in
528 3492 623 3545 statu
645 3484 901 3557 exinanitionis,
921 3484 1079 3565 quoniam
1106 3482 1190 3546 illud
1213 3483 1258 3546 ab

349 3574 486 3638 infernis
505 3596 565 3638 seu
583 3576 728 3639 diabolis
746 3577 791 3640 ibi
809 3579 921 3659 potuit
940 3579 1141 3660 impugnari,
1158 3586 1194 3641 et
1213 3576 1258 3640 ab

263 3680 269 3689 '
349 3668 542 3732 hominibus
562 3671 753 3752 reprobari;
778 3692 881 3753 quare
900 3672 1078 3748 Dominus,
1095 3690 1172 3735 cum
1195 3670 1258 3735 suit

350 3764 383 3825 in
400 3761 460 3826 illo
479 3784 643 3837 seorsum,
661 3766 773 3848 potuit
792 3767 919 3829 tentari
934 3776 970 3830 et
986 3767 1067 3848 pati.

200 3870 228 3938 5.
260 3856 419 3920 Vicissim
442 3868 557 3922 autem
577 3861 667 3942 quod
692 3861 869 3935 Dominus,
889 3880 966 3924 cum
988 3860 1049 3924 suit
1073 3861 1106 3922 in
1130 3859 1258 3924 Divino

351 3950 448 4014 Bono
478 3952 696 4034 conjunctim,
726 3973 794 4016 non
825 3956 974 4036 potuerit
1005 3975 1025 4018 a
1051 3954 1195 4017 diabolis
1222 3956 1256 4018 in

349 4044 490 4120 inferno,
511 4066 573 4109 nec
593 4046 637 4109 ab
655 4046 848 4111 hominibus
866 4049 900 4111 in
920 4049 1057 4123 mundo,
1074 4048 1201 4112 tentari
1221 4057 1258 4113 et

350 4140 442 4222 pati3
473 4141 632 4223 quoniam
656 4140 739 4205 illud
762 4162 831 4205 non
858 4153 974 4225 potest
997 4142 1124 4218 accedi,
1145 4142 1256 4205 minus
1312 4128 1317 4143 ¹

350 4235 475 4298 invadi.

200 4325 233 4391 6.
264 4326 365 4409 Quod
389 4327 556 4392 Dominus
578 4329 776 4394 alternatim
799 4331 833 4393 in
856 4331 942 4394 binis
964 4330 1030 4395 illis
1053 4331 1200 4395 statibus
1221 4331 1256 4397 in

350 4420 477 4481 mundo
496 4419 604 4483 fuerit.
711 4454 714 4458 ·
