2776 5040
138 469 197 540 454
458 469 509 521 nu
531 467 638 520 44044
660 424 935 520 444404044444

133 653 210 709 quae
223 637 280 693 iuit
291 637 415 694 44444444
428 639 686 708 repraesentativa,
696 639 757 693 sint
768 654 844 709 quae
857 638 955 692 adhuc
970 637 1000 691 in
1013 647 1141 708 utroque
1154 652 1250 699 sensu.

133 719 258 763 externo
279 719 310 763 et
332 709 458 771 44444440,
473 709 582 769 valent,
597 710 659 764 44444
679 725 756 780 quae
773 709 938 763 secundum
957 724 1076 762 sensum
1096 720 1251 762 externum

133 779 258 833 omnino
269 779 467 833 custodienda
478 789 557 841 444444,
569 779 630 862 sint
641 795 718 850 quae
731 789 857 849 possunt
868 794 933 833 esse
943 779 1009 832 usui
1022 778 1048 833 si
1061 778 1142 839 libet,
1153 788 1184 833 et
1193 779 1252 833 siut

134 850 860 1056 ἶΜὸἕὲῗξῗέιζοῇεἱὲἶξηᾳξξὲωζ94444ἓέ44
876 918 926 972 illa
939 933 1015 989 quae
1027 919 1172 990 abrogata
1183 926 1252 972 sunt

148 1003 177 1042 n.
195 1003 205 1042 1
245 1003 301 1057 37.

188 1107 283 1181 Quale
295 1108 427 1164 Verbum
447 1110 477 1163 in
496 1126 584 1164 sensu
604 1109 728 1172 litterae.
742 1109 766 1165 si
786 1125 846 1164 non
863 1109 1040 1180 intelligitur
1051 1109 1139 1163 simul
1153 1108 1252 1179 quoad

135 1196 254 1236 sensum
277 1180 436 1242 internum,
451 1196 503 1235 seu
528 1181 609 1251 quod
635 1180 723 1243 idem.
737 1180 903 1235 secundum
922 1196 1021 1234 veram
1044 1177 1211 1233 44οὲ44444444
1235 1195 1252 1233 4

136 1250 236 1306 Verbo
251 1252 290 1317 (n.
307 1252 413 1317 10402).

217 1321 278 1375 uod
290 1338 328 1375 ex
339 1336 427 1375 sensu
442 1319 556 1375 litterae
569 1320 681 1391 absque
692 1337 781 1376 sensu
795 1321 921 1382 interno,
933 1336 985 1375 seu
998 1319 1111 1389 absque
1123 1319 1254 1389 genuina

135 1390 154 1445 d
207 1391 271 1446 rina
285 1406 323 1446 ex
335 1390 443 1453 Verbo,
456 1390 593 1446 haereses
608 1390 754 1446 immenso
770 1406 894 1445 numero
906 1389 1069 1445 scaturiant
1084 1394 1124 1458 (n.
1141 1387 1252 1457 104⁰¹(?

139 1476 148 1517 4
249 1502 255 1515 .

152 1461 279 1603 0439044
301 1531 343 1585 4444
364 1531 415 1614 qui
437 1531 467 1585 in
491 1542 616 1587 externo
636 1531 749 1603 absque
774 1531 892 1586 interno
912 1540 990 1593 sunt,
1005 1545 1066 1584 non
1086 1529 1254 1585 sustineant

137 1601 278 1656 interiora
289 1599 380 1656 Verbr
396 1604 435 1669 (n.
452 1600 558 1725 robps).

189 1668 279 1743 Quod
291 1670 395 1742 Judaei
409 1671 483 1726 tales
508 1671 613 1733 uerint.
626 1681 657 1726 et
669 1686 790 1742 quoque
802 1670 891 1725 hodie
904 1671 964 1725 sint
978 1674 1018 1740 (n.
1032 1683 1163 1739 304-303,
1177 1682 1253 1738 3479,

135 1756 214 1810 4440,
226 1756 304 1811 4433,
316 1742 395 1808 4680,
408 1742 486 1808 4844,
499 1742 577 1809 4847,
590 1742 683 1812 40346,
696 1755 788 1808 40404,
802 1754 893 1808 40407,
907 1741 1000 1810 40644
1014 1754 1105 1807 40704,
1120 1744 1227 1808 40703),

136 1908 226 1980 263.
252 1909 337 1978 Quod
345 1909 490 1964 Dominus
500 1912 541 1963 sr't
561 1908 691 1964 Verbum.

190 2026 279 2100 Quod
294 2029 322 2082 in
336 2045 424 2083 sensu
439 2029 545 2083 intimo
556 2029 647 2111 Verbi
660 2039 766 2111 agatur
777 2028 864 2111 onice
877 2029 914 2083 de
929 2028 1084 2088 Dominus.
1098 2044 1132 2082 ac
1145 2027 1255 2110 deseri·

137 2098 247 2152 bantur
261 2114 366 2153 omnes
380 2109 476 2154 status
488 2099 712 2170 glorificationrs
728 2098 860 2154 Humani
878 2098 982 2169 Ipsius,
995 2099 1052 2152 boc
1067 2111 1121 2159 est,
1136 2113 1255 2153 4444404444

136 2183 205 2223 cum
219 2169 283 2292 ipso
300 2168 418 2251 Divino,
431 2179 515 2251 et1qu
558 2186 595 2252 ue
607 2186 712 2253 omnes
723 2179 819 2292 sltatus
831 2169 1049 2240 subjugationis
1063 2167 1254 2229 iniemorum.

136 2253 172 2293 ac
185 2250 382 2380 (iialgiffiniri
394 2256 550 2365 iiionslgrilriul
564 2242 1073 2364 gergtcffbffirrzffifflzszsslpffigkssni
1087 2309 1116 2362 444
1131 2308 1253 2370 munde,

137 2387 168 2433 et
202 2379 263 2433 uod
277 2380 367 2449 perid
382 2380 549 2450 praesentia
562 2379 682 2434 Domini
692 2380 881 2434 continuasit
893 2395 912 2433 a
932 2380 973 2433 ud
983 2380 1104 2450 angelos
1113 2382 1153 2446 (n.
1165 2379 1254 2448 4543).

218 2449 322 2504 roinde
339 2450 421 2520 quod
434 2450 515 2504 solus
531 2449 678 2505 Dominus
693 2450 732 2504 sit
751 2449 780 2503 in
801 2450 906 2504 intimo
947 2450 1024 2511 erbi;
1043 2461 1073 2503 44
1086 2449 1168 2519 quod
1185 2449 1255 2503 inde

139 2517 280 2573 Divinum
293 2530 324 2573 et
337 2518 470 2573 santium
486 2519 575 2574 Verbi
588 2521 627 2574 sit
642 2523 681 2586 (n.
698 2519 877 2588 1873,·9357).

192 2588 280 2660 Quod
295 2588 442 2644 Dominus
454 2590 562 2645 dixerit
574 2591 655 2660 quod
669 2590 791 2660 impleta
803 2590 842 2644 sit
856 2589 1008 2660 Scriptura
1020 2590 1057 2644 de
1072 2587 1151 2659 Ipso.
1165 2589 1255 2660 signi·

138 2659 207 2714 iicet
219 2659 299 2730 quod
313 2660 414 2714 omnia
426 2675 502 2729 quae
515 2659 545 2713 in
557 2677 646 2714 sensu
660 2661 767 2714 intimo
781 2663 821 2729 (n.
835 2662 925 2729 7933).

221 2797 280 2851 uod
295 2796 425 2851 Verbum
438 2795 584 2878 significet
600 2796 740 2878 Divinum
755 2795 867 2878 Verum
883 2799 922 2864 (n.
935 2796 1012 2864 4694,
1029 2809 1104 2865 5075,
1117 2795 1211 2864 9987).

221 2868 281 2920 uod
296 2865 443 2921 Dominus
455 2877 494 2921 444
508 2865 638 2920 Verbum
652 2883 721 2936 quta
733 2877 778 2921 est
793 2866 933 2920 Drvmum
950 2866 1061 2921 Verum
1076 2870 1116 2934 (n.
1134 2868 1224 2935 4533).

223 2939 281 2991 uod
304 2936 451 2991 Dominus
469 2937 507 2991 sit
523 2935 654 2991 Verbum
674 2937 763 2991 etiam
783 2938 853 3009 quia
867 2936 998 2991 Verbum
1017 2947 1062 2990 est
1077 2937 1114 2989 ab
1135 2936 1213 3006 Ipso,
1225 2947 1257 2992 44

139 3007 177 3062 de
227 3023 260 3061 so
275 3010 315 3075 (n.
330 3007 419 3131 4859)).

222 3093 238 3131 c
251 3078 366 3132 desolo

140 3149 233 3273 9³53&
251 3217 320 3287 quia
333 3217 362 3271 in
375 3216 514 3272 omnibus
527 3227 557 3272 44
570 3217 694 3288 singulis
707 3216 798 3272 Verbi
812 3227 858 3273 est
870 3217 1042 3288 conjugium
1057 3215 1159 3271 Divini
1180 3216 1257 3272 Boni

140 3297 171 3343 et
185 3287 284 3342 Divini
299 3286 370 3341 Veri
384 3289 424 3356 (n.
439 3303 515 3355 3004.
531 3290 619 3356 5504).

193 3357 281 3429 Quod
296 3356 424 3428 “Jews'’
438 3358 477 3412 sit
498 3357 638 3412 Divinum
660 3357 786 3420 Bonum,
799 3368 830 3413 et
843 3365 859 3387 ‘⁴
867 3356 1004 3413 Christus
1012 3357 1027 3377 ’⁹
1041 3355 1184 3411 Divinum
1198 3356 1258 3414 Ve-

141 3431 444 3623 ωῖςέᾚοῧῇἰξιῖιςῆ
455 3430 570 3552 43434444
585 3498 626 3580 sit
643 3498 764 3553 unicum
780 3498 864 3560 reale,
877 3508 908 3552 et
922 3498 1003 3568 quod
1024 3497 1052 3551 id
1074 3497 1101 3550 in
1121 3512 1183 3567 quo
1202 3509 1258 3561 444,

140 3584 180 3639 qu
243 3579 289 3623 est
312 3583 350 3622 ex
376 3566 494 3631 Drvmo,
516 3579 555 3623 444
576 3584 696 3623 unrcum
719 3568 912 3623 substantiale
935 3572 974 3636 (n.
993 3581 1068 3637 5272,
1083 3567 1162 3630 6880,
1179 3580 1257 3636 7004,

142 3637 237 3763 §miii
247 3638 472 3780 {ffliivinum
486 3708 597 3763 Verum
611 3709 775 3778 procedens
787 3725 805 3763 4
819 3708 950 3763 Domino
961 3709 1066 3762 estius
1081 3709 1110 3762 in
1123 3709 1217 3769 caelo,
1227 3720 1259 3764 et

409 3077 511 3132 omino
525 3076 553 3131 in
566 3093 654 3133 sensu
666 3076 779 3139 intimo,
787 3077 828 3131 ita
839 3076 905 3148 Ipse
915 3075 1062 3153 Dominus
1075 3077 1115 3130 ibi
1128 3080 1168 3145 (44.
1182 3076 1257 3146 4873,

141 3777 283 3834 Divinum
297 3778 413 3833 Bonum
424 3790 470 3834 est
476 3780 558 3833 calor
568 3779 597 3833 444
611 3779 701 3841 caelo.
711 3790 742 3833 et
754 3780 824 3849 quia
836 3795 872 3832 ex
886 3779 942 3832 illis
952 3780 1053 3833 omnia
1063 3778 1102 3832 ibi
1115 3779 1259 3842 existunt,

140 3860 171 3905 et
189 3850 259 3920 quia
281 3865 334 3920 per
353 3851 468 3903 caelum
488 3865 540 3903 seu
560 3866 614 3931 per
628 3850 772 3903 mundum
797 3848 979 3919 spiritualem
1003 3849 1104 3902 existit
1126 3850 1259 3905 mundus

141 3919 291 3981 naturalis,
301 3930 383 3988 patet
393 3920 475 3989 quod
486 3935 586 3973 omma
595 3934 671 3989 quae
681 3929 779 3974 creata
789 3930 866 3979 444444,
877 3936 912 3973 ex
925 3918 1034 3973 Divino
1042 3919 1130 3980 Ver0,
1142 3919 1184 3973 ita
1193 3918 1258 3976 ¹¹¹ex

140 3988 249 4052 Verbo,
262 4000 362 4045 creata
373 3990 441 4052 44444,
454 3991 618 4044 secundum
631 3990 705 4045 haec
717 3991 807 4044 verba
818 3990 899 4059 apud
917 3989 1088 4061 Johannem,

101 4117 103 4121 ’
185 4113 200 4135 “
209 4110 238 4156 In
248 4109 365 4169 principio
375 4117 426 4156 4444
435 4109 550 4162 Verbum.
561 4115 585 4155 et
595 4109 703 4155 Verbum
713 4116 764 4156 erat
773 4110 840 4169 apud
850 4110 938 4165 Deum,
949 4117 973 4156 44
984 4111 1050 4155 Deus
1060 4117 1110 4156 erat
1118 4109 1229 4157 Verbum
1235 4112 1259 4158 ε’*

261 4170 842 4229 ....erperil1ndomninrsetssuntquaefa6ta
861 4170 1260 4219 ...nemorumnemorum

260 4229 311 4276 ὅθ’
324 4229 361 4289 [ti.
372 4243 392 4285 r,
403 4243 426 4289 4,
438 4231 477 4290 14)
484 4230 502 4290 ε4

142 4340 182 4409 (n.
196 4337 272 4407 4803,
286 4338 381 4407 4884[4
394 4337 483 4407 48944,
499 4352 574 4408 5474,
588 4338 683 4421 7830[4
695 4338 799 4421 6880]).
1087 4409 1093 4421 .

195 4407 302 4478 (Porro
315 4410 352 4464 de
364 4409 515 4465 creatione
527 4425 661 4465 omnrum
673 4425 692 4464 4
705 4408 816 4464 Divino
823 4409 911 4472 Vero,
920 4409 962 4464 ita
973 4424 991 4463 a
1004 4407 1145 4472 Dommo,
1155 4411 1259 4469 videa·
