2776 5040
175 509 383 562 ECCLESIAE
398 512 661 563 ISRAELITICAE
678 513 817 565 STATUS
833 515 1114 566 SECUNDUS.-N.
1130 517 1178 583 51.
1219 503 1256 567 61

138 683 280 746 mittere
306 684 340 744 in
367 685 514 747 medium
538 684 647 748 locum
671 683 799 765 speculi
822 686 972 760 caustici,
997 696 1056 750 aut
1078 698 1259 769 argentum

137 778 254 840 vivum
273 780 307 841 in
327 778 472 860 tigillum
491 780 641 843 candens
659 780 693 841 in
713 780 857 854 camino,
882 801 967 862 quae
986 782 1099 846 subito
1117 783 1259 864 dissipa-

137 882 265 934 rentur.
311 873 374 936 Est
394 875 484 936 enim
502 874 657 956 Jehovah
679 876 766 938 sicut
789 875 876 955 ignis
895 875 1019 938 ardens
1037 897 1081 939 ex
1105 877 1179 939 zelo
1199 876 1259 940 Di-

136 964 207 1028 vini
223 965 361 1030 Amoris
380 969 449 1046 sui;
477 969 511 1031 in
530 990 597 1051 quo
615 969 642 1030 si
661 969 789 1052 absque
810 968 971 1033 Humano
989 971 1131 1034 intraret
1150 971 1260 1035 homi·

137 1079 229 1134 nem,
250 1062 427 1144 dissiparet
450 1063 554 1138 illum,
575 1065 660 1127 sicut
680 1064 783 1127 modo
802 1060 928 1126 dictum
947 1073 1020 1141 est;
1052 1085 1154 1146 quare
1172 1066 1260 1131 dixit

136 1155 182 1217 ad
210 1155 343 1231 Mosen,
368 1177 445 1220 cum
467 1157 575 1221 voluit
603 1157 709 1222 oculis
735 1159 802 1221 suis
829 1159 943 1221 videre
967 1158 1111 1239 gloriam
1139 1159 1258 1241 ipsius,

136 1250 229 1331 quod
246 1271 314 1313 non
327 1262 442 1333 posset
456 1251 542 1315 ullus
555 1253 657 1316 homo
670 1254 784 1316 videre
798 1253 911 1334 Ipsum
927 1263 962 1315 et
979 1254 1100 1317 vivere.
1146 1253 1261 1317 Aliter

133 1365 218 1407 vero
237 1356 416 1429 postquam
429 1347 624 1411 Humanum
638 1347 803 1411 Naturale
816 1349 1008 1429 assumpsit,
1023 1363 1057 1410 et
1074 1348 1137 1411 hoc
1154 1349 1258 1430 glori-

135 1435 276 1502 ficatum
296 1442 401 1505 univit
422 1441 546 1506 Divino
564 1463 635 1516 suo,
656 1452 691 1505 et
713 1444 759 1505 sic
779 1443 812 1504 in
836 1441 880 1505 Se
899 1441 1075 1522 conjunxit
1099 1443 1259 1506 Divinum

135 1531 307 1609 Caeleste,
321 1534 480 1599 Divinum
494 1535 673 1618 Spirituale
689 1546 724 1599 et
741 1537 901 1599 Divinum
916 1536 1079 1600 Naturale
1095 1538 1128 1599 in
1145 1558 1257 1601 unum.

135 1626 234 1690 Tunc
248 1632 357 1710 potuit
370 1651 429 1713 per
442 1630 505 1694 hoc
522 1630 566 1694 Se
579 1630 782 1712 conjungere
795 1630 923 1693 homini
938 1631 971 1692 in
986 1629 1140 1703 naturali,
1154 1631 1258 1693 immo

134 1722 171 1784 in
190 1724 335 1787 sensuali
354 1725 433 1806 ejus,
454 1736 488 1788 et
508 1726 604 1788 simul
625 1726 753 1807 spiritui
772 1746 831 1789 seu
850 1725 956 1788 menti
975 1725 1044 1806 ejus
1062 1726 1095 1787 in
1114 1724 1184 1806 ejus
1203 1745 1256 1788 ra·
1316 1747 1324 1770 ·

135 1817 266 1891 tionali,
285 1839 325 1882 ac
348 1820 396 1883 ita
419 1820 489 1900 ejus
512 1821 665 1883 naturale
688 1820 800 1884 lumen
819 1821 986 1884 illustrare
1010 1820 1083 1882 luce
1105 1819 1254 1883 caelesti.

134 1909 238 1992 Quod
258 1923 336 1994 post
355 1913 553 1977 Adventum
568 1914 717 1994 Jehovae
736 1917 769 1977 in
788 1916 950 1978 mundum
969 1913 1047 1977 talis
1066 1912 1256 1994 conjundtio

133 2002 225 2069 facta
244 2008 298 2083 sit,
319 2018 415 2089 patet
434 2010 466 2071 in
487 2009 658 2071 evidentia
677 2030 721 2072 ex
742 2009 851 2091 Ipsius
870 2008 1006 2072 Domini
1025 2009 1155 2071 verbis:

188 2157 205 2177 ¹¹
214 2153 246 2204 In
258 2155 301 2203 die
312 2156 357 2203 illo
366 2157 533 2218 cognoscetis
543 2157 614 2219 quod
628 2157 685 2219 Ego
695 2156 722 2206 iu
736 2156 814 2207 Patre
826 2155 896 2208 Meo.
907 2167 935 2206 et
946 2171 995 2207 vos
1008 2157 1035 2206 in
1050 2155 1104 2216 Me,
1115 2165 1143 2206 et
1155 2155 1213 2220 Ego
1225 2157 1253 2207 iu

267 2221 367 2271 vobis”
379 2223 454 2286 (Joh.
466 2223 519 2272 xiv.
533 2222 582 2283 20).

134 2374 235 2439 Nunc
259 2385 442 2456 antequam
463 2375 658 2439 lncarnatio
679 2375 830 2457 jehovae
853 2373 942 2439 iacta
965 2385 1027 2452 est,
1049 2396 1117 2439 non
1141 2377 1253 2458 potuit

133 2467 328 2550 conjundtio
341 2469 409 2532 fieri
422 2490 522 2552 quam
535 2491 595 2552 per
607 2470 778 2553 angelum,
790 2471 838 2534 ita
850 2491 909 2552 per
922 2470 1104 2533 humanum
1118 2491 1252 2552 reprae-

133 2565 363 2642 sentativum;
387 2575 567 2646 propterea
586 2566 690 2628 etiam
706 2566 820 2628 omnia
838 2564 1014 2628 Ecclesiae
1030 2584 1145 2628 eorum
1164 2562 1252 2628 saeta

133 2669 221 2722 sunt
238 2660 545 2741 repraesentativa;
578 2659 719 2741 proinde
742 2660 831 2742 quod
859 2679 918 2741 per
940 2668 1042 2741 typos
1064 2658 1252 2722 afficientes

133 2774 253 2817 sensus
269 2754 417 2835 corporis
434 2773 560 2828 eorum,
577 2764 612 2817 et
632 2752 730 2817 simul
749 2754 1055 2835 correspondentes
1070 2753 1251 2834 spirituali-

132 2849 208 2922 bus,
220 2848 385 2930 Jehovam
402 2847 564 2911 colerent.
610 2848 694 2910 Inde
710 2856 783 2910 erat
799 2848 888 2932 quod
904 2847 1058 2910 homines
1075 2846 1251 2911 Ecclesiae

133 2943 319 3024 Antiquae,
334 2951 368 3004 et
385 2942 493 3004 adhuc
511 2940 585 3024 plus
601 2942 755 3005 homines
768 2940 943 3004 Ecclesiae
958 2941 1173 3017 Israeliticae,
1188 2963 1250 3005 ex-

133 3038 222 3101 terni
235 3047 269 3099 et
287 3037 457 3099 naturales
470 3037 624 3099 homines
637 3037 769 3110 suerint,
783 3055 844 3098 nec
859 3034 927 3098 fieri
943 3036 1114 3117 potuerint
1127 3037 1250 3099 interni

134 3142 170 3196 et
190 3131 390 3213 spirituales,
411 3132 498 3194 sicut
521 3130 590 3193 fieri
614 3140 756 3212 possunt
776 3130 930 3192 homines
953 3139 1030 3210 post
1050 3129 1249 3195 Adventum

135 3226 282 3289 Domini.
310 3225 360 3288 At
372 3247 476 3307 usque
486 3224 533 3288 illi
543 3227 597 3308 qui
607 3233 820 3306 agnoverunt
829 3223 1006 3303 Jehovam,
1019 3233 1054 3286 et
1064 3224 1161 3286 simul
1173 3245 1249 3288 cum

134 3320 216 3402 Ipso
232 3319 437 3399 Adonajum‚
452 3319 516 3383 hoc
533 3329 597 3393 est,
613 3319 796 3381 Dominum
813 3327 1002 3392 venturum,
1016 3318 1071 3400 qui
1087 3319 1120 3380 in
1133 3317 1250 3381 Verbo

134 3415 329 3478 nominatur
346 3421 365 3445 ‘⁴
376 3413 541 3477 Dominus
558 3413 731 3493 Jehovih,”
750 3412 870 3475 “Deus
890 3412 1023 3474 Israelis
1031 3411 1045 3435 ”
1061 3421 1096 3475 et
1115 3410 1249 3476 “Sanc-

135 3520 191 3572 tus
213 3507 312 3590 ejus,”
333 3507 526 3570 “Messias’'
545 3529 603 3570 seu
624 3504 786 3571 “Und'tus
803 3506 982 3587 Jehovae‚”
1003 3505 1139 3581 “Rex,”
1159 3507 1250 3570 “Pe-

135 3603 218 3677 tra,”
230 3612 265 3666 et
278 3601 399 3665 alicubi
414 3601 576 3676 ·‘Fi1ius,”
589 3612 624 3666 et
637 3602 814 3665 coluerunt
832 3600 914 3663 Illos
927 3599 1035 3675 simul,
1050 3612 1250 3683 receperunt

134 3694 289 3761 sandtum
308 3698 341 3760 in
360 3697 530 3778 spiritibus
554 3695 697 3770 illorum,
719 3706 754 3760 et
773 3697 851 3759 inde
875 3697 907 3758 in
931 3696 1055 3777 typicis
1077 3694 1250 3777 religionis

133 3811 260 3856 eorum.
295 3791 427 3875 Reliqui
439 3801 555 3855 autem
568 3811 635 3854 non
652 3800 852 3872 receperunt
865 3811 872 3866 ;
893 3791 981 3852 unde
1000 3790 1118 3853 horum
1132 3790 1251 3871 religio

134 3887 276 3950 nonfuit
292 3885 410 3967 religio
427 3886 486 3949 sed
503 3886 709 3967 superstitio,
724 3894 759 3947 et
775 3884 893 3947 horum
908 3884 1018 3947 cultus
1031 3904 1099 3946 non
1116 3905 1251 3966 reprae-

134 3982 325 4044 sentativus
344 3981 403 4043 sed
427 3978 678 4055 idololatricus;
703 3978 809 4042 ethic
835 3979 972 4041 tametsi
995 3978 1111 4041 similis
1134 3979 1194 4041 suit
1217 3979 1250 4041 in

134 4085 279 4139 externa
296 4075 411 4148 forma,
430 4093 533 4156 usque
549 4072 719 4135 dissimilis
735 4073 795 4135 fuit
811 4072 844 4134 in
860 4073 1003 4135 interna.
1048 4071 1115 4136 Sed
1132 4083 1168 4137 ut
1185 4073 1250 4137 hoc

134 4169 324 4232 faeneretur
342 4168 488 4250 aliquam
508 4166 628 4241 lucem,
649 4166 871 4230 illustrabitur
888 4187 948 4248 per
966 4168 1249 4247 comparationes.

135 4260 256 4327 Cultus
278 4260 510 4325 idololatricus
531 4270 584 4324 est
603 4261 690 4323 sicut
709 4260 764 4342 qui
783 4270 962 4323 veneratur
980 4280 1107 4341 regem,
1128 4261 1251 4341 princi·

135 4375 223 4439 pem,
238 4365 447 4436 magnatem,
461 4364 519 4418 aut
535 4355 680 4436 aliquem
696 4353 855 4416 excelsae
870 4353 1047 4434 dignitatis
1063 4356 1179 4428 virum,
1194 4375 1250 4418 so·

135 4450 204 4514 lum
219 4470 265 4513 ex
282 4469 406 4531 pompa
418 4448 603 4512 aulicorum
615 4448 695 4530 ejus,
709 4468 754 4510 ex
771 4447 1023 4529 magnificentia
1035 4467 1200 4522 curruum,
1214 4458 1251 4514 et
