2776 5040
606 440 778 494 conotus.

531 948 673 1000 wrm
691 948 855 1000 PRIMUM·

137 1136 311 1243 [QUOD
329 1138 599 1236 QUATUOR
616 1138 908 1216 ECCLESIAE
927 1140 983 1214 IN
1005 1140 1119 1218 HAC
1134 1141 1235 1216 TEL

284 1254 496 1472 11}anss
527 1253 620 1329 DIE
649 1252 976 1330 CREATIONIS
1008 1255 1134 1354 EJUS
1164 1254 1240 1331 FU·

193 1698 232 1749 α.
261 1683 306 1756 (i.)
329 1683 416 1754 cuod
426 1689 560 1765 quotuor·
572 1683 732 1748 Ecclesiae
745 1683 776 1747 in
789 1683 850 1748 hae
864 1685 975 1747 tellure
989 1703 1010 1746 u
1024 1684 1075 1747 die
1089 1682 1246 1748 οησϋωὶι

133 1773 202 1856 ojus
223 1773 356 1837 iverint:
386 1773 497 1855 prime,
519 1793 599 1855 qm
623 1775 757 1837 meando
779 1779 830 1837 est
847 1774 1013 1847 Admittit
1041 1775 1158 1847 uitem
1179 1791 1248 1855 queo

134 1862 308 1937 Houehieu
329 1863 433 1936 beria,
445 1883 524 1944 queo
538 1862 733 1938 israelitica
753 1868 787 1927 et
799 1869 922 1944 quarta,
934 1884 1014 1945 queo
1030 1863 1249 1928 christiano.-

134 1952 236 2037 Quod
252 1963 396 2038 quatuor
411 1954 588 2020 Ecclesiae
606 1975 652 2018 ex
670 1956 843 2019 creatione
862 1955 978 2019 mundi
996 1956 1030 2019 in
1050 1956 1116 2019 hac
1136 1955 1249 2021 tellure

132 2050 341 2123 exstiterint,
362 2048 540 2113 manifeste
560 2058 699 2113 constat
721 2048 811 2131 apud
828 2048 1023 2123 emtum,-
1047 2051 1194 2132 primum
1210 2068 1249 2113 ex

133 2150 249 2206 statua
272 2141 574 2206 Nebuchadnezari
595 2143 630 2206 in
652 2143 785 2207 somnio
803 2142 884 2218 visa,
904 2151 940 2206 et
962 2152 1089 2225 postea
1110 2163 1157 2207 ex
1175 2161 1249 2226 qua·

134 2245 212 2300 tuor
229 2236 347 2300 bestiis
365 2257 411 2299 ex
430 2237 512 2300 mari
533 2236 797 2318 assurgentibus.
842 2235 895 2299 De
912 2245 1029 2300 statua
1048 2234 1250 2301 Nebuchad·

134 2330 264 2394 nezaris
282 2330 366 2394 haec
386 2329 563 2412 leguntur:

183 2472 258 2526 Dixit
274 2473 378 2532 Daniel,
395 2474 470 2532 “Tu,
486 2474 552 2531 Rex,
567 2474 662 2524 videns
678 2475 760 2533 fuisti,
774 2484 802 2524 et
818 2489 879 2524 ecce
893 2484 982 2524 statua
999 2489 1054 2524 una
1065 2490 1176 2539 magna,
1188 2512 1195 2527 .

264 2549 291 2589 et
302 2541 405 2601 species
417 2539 475 2601 ejus
488 2540 629 2598 excellens,
644 2551 719 2590 stans
737 2556 752 2589 e
769 2541 879 2602 regione
891 2540 937 2596 tui,
954 2550 981 2588 et
992 2537 1121 2602 aspectus
1133 2541 1192 2603 ejus
1203 2541 1252 2589 for-

264 2606 404 2655 midabilis.
442 2605 531 2667 Hujus
549 2615 652 2655 statuae
667 2615 746 2668 caput
762 2616 819 2654 erat
837 2621 870 2655 ex
886 2620 953 2655 auro
970 2607 1059 2663 bono,
1086 2603 1180 2669 pectus
1197 2606 1251 2667 ejus

264 2681 291 2719 et
302 2672 417 2727 brachia,
429 2685 462 2719 ex
474 2681 586 2731 argento
596 2685 602 2727 ;
619 2682 713 2720 venter
725 2671 784 2733 ejus
796 2681 823 2720 et
834 2670 940 2720 femora
951 2670 1020 2732 ejus,
1034 2685 1069 2719 ex
1081 2685 1162 2728 aere:
1179 2685 1251 2720 crura

264 2735 323 2798 ejus
335 2752 368 2786 ex
380 2736 467 2793 ierro;
485 2737 566 2798 pedes
578 2735 637 2798 ejus
649 2737 682 2785 ad
701 2747 804 2798 partem
816 2751 849 2785 ex
869 2736 947 2794 ierro,
962 2746 989 2785 et
1000 2737 1035 2785 ad
1053 2748 1158 2798 partem
1170 2751 1204 2785 ex
1214 2750 1251 2784 ar·

263 2802 335 2864 gilla.
371 2800 472 2849 Videns
490 2801 562 2850 fuisti
580 2802 643 2850 dum
662 2803 766 2850 excisus
784 2812 825 2851 est
839 2801 926 2864 Lapis,
942 2801 986 2865 qui
1005 2817 1060 2849 non
1083 2816 1132 2864 per
1148 2816 1249 2854 manus.

264 2876 292 2916 et
312 2867 441 2929 percussit
458 2876 574 2915 statuarn
592 2882 672 2928 super
689 2867 772 2930 pedes
789 2866 856 2928 ejus,
876 2867 920 2929 qui
941 2866 1041 2915 terrum
1062 2877 1090 2915 et
1107 2866 1209 2928 argilla,
1227 2876 1251 2914 et

264 2933 390 2982 contrivit
410 2929 493 2982 illosiss
528 2932 604 2980 Tunc
624 2933 738 2981 contrita
757 2943 821 2981 sunt
841 2932 921 2981 simul
942 2932 1052 2988 ferrum,
1072 2933 1179 2994 argilla,
1198 2946 1248 2986 aes,

263 3008 403 3058 argentum
416 3007 564 3055 eteorum,
582 2994 704 3061 factaque
713 3007 776 3045 sunt
787 2998 857 3047 sicut
868 2997 944 3059 palen
956 3011 990 3045 ex
1001 2998 1073 3046 areis
1085 2998 1204 3052 aestatis,
1217 2997 1250 3044 ita

264 3072 294 3112 ut
305 3063 444 3112 abstulerit
461 3063 506 3111 illa
518 3073 623 3121 ventus,
637 3072 664 3112 et
680 3063 749 3112 ullus
767 3063 841 3112 locus
853 3077 908 3111 non
926 3063 1053 3112 inventus
1065 3074 1108 3111 est
1127 3062 1193 3111 illis:
1206 3059 1250 3109 La-

264 3129 306 3191 pis
317 3138 406 3176 autem
420 3129 463 3191 qui
481 3128 610 3189 percussit
622 3137 745 3186 statuam,
760 3125 847 3177 factus
859 3138 900 3176 est
914 3127 942 3176 in
957 3127 1065 3177 Petram
1077 3142 1213 3190 magnam,
1226 3135 1250 3174 et

264 3192 386 3256 implevit
404 3203 486 3241 totam
506 3203 612 3242 terram.
650 3229 714 3243 ....
751 3192 782 3241 In
795 3194 889 3242 diebus
907 3193 949 3241 his
961 3206 1072 3254 surgere
1084 3193 1166 3242 faciet
1181 3192 1247 3240 Deus

265 3259 398 3308 caelorum
416 3273 537 3319 regnum,
553 3259 623 3322 quod
641 3259 668 3307 in
686 3258 793 3307 saecula
810 3272 865 3307 non
883 3258 1015 3320 perdetur,
1030 3269 1058 3306 et
1070 3272 1183 3321 regnum
1195 3256 1249 3318 ejus

263 3320 390 3387 populoffl
408 3323 452 3372 alii
471 3338 525 3371 non
547 3324 729 3385 permittetur:
754 3331 874 3371 conteret
891 3332 918 3372 et
936 3332 1079 3372 consumet
1097 3323 1190 3373 omnia
1211 3322 1249 3370 ina

265 3404 356 3451 regna,
371 3389 435 3438 illud
446 3399 535 3437 autem
547 3389 628 3438 stabit
640 3389 667 3438 in
680 3388 806 3437 saecula”
818 3389 901 3449 (Dan.
913 3389 940 3438 ii.
952 3400 1043 3449 31-35,
1057 3385 1137 3450 ΜΝ).

135 3526 235 3610 Quod
261 3528 326 3591 hoc
350 3527 518 3590 somnium
542 3547 609 3590 non
633 3524 872 3608 significaverit
895 3534 1040 3609 quatuor
1063 3547 1172 3609 regna
1193 3545 1247 3609 po-

134 3621 227 3684 litica
253 3622 286 3684 in
313 3621 376 3684 hac
404 3620 536 3693 tellure,
562 3621 623 3684 sed
650 3620 739 3703 quod
766 3629 910 3702 quatuor
937 3619 1124 3697 Ecclesias,
1153 3637 1247 3684 unam

133 3716 232 3779 alteri
250 3735 494 3790 successuram,
512 3724 650 3778 constat
666 3737 711 3778 ex
727 3715 946 3797 sequentibus
965 3715 1037 3776 his:
1066 3713 1127 3798 (1.)
1153 3712 1246 3796 Quod

134 3809 217 3874 talia
232 3831 349 3892 regna,
366 3830 468 3874 unum
485 3818 563 3892 post
579 3808 734 3882 alterum,
751 3810 784 3872 in
804 3810 867 3872 hac
885 3808 1006 3872 tellure
1023 3829 1093 3871 non
1109 3811 1247 3873 exstite-

133 3904 211 3968 rint.
258 3902 318 3986 (2.)
345 3902 445 3984 Quod
466 3903 624 3967 Divinum
641 3902 793 3966 Verbum
809 3903 842 3964 in
858 3923 920 3965 suo
936 3903 1010 3964 sinu
1026 3922 1097 3966 non
1113 3913 1195 3985 agat
1211 3903 1247 3964 de

133 3999 247 4080 regnis
266 3999 392 4072 mundi,
412 3999 471 4062 sed
491 3998 533 4061 de
553 3996 727 4072 Ecclesiis,
748 4017 834 4079 quae
856 3996 889 4059 in
909 3997 1006 4060 terris
1028 3996 1159 4060 faciunt
1177 4016 1247 4076 reg·

134 4112 214 4156 num
242 4091 315 4154 Dei.
362 4090 422 4174 (3.)
457 4091 545 4155 Tum
572 4091 662 4175 quod
689 4091 821 4154 dicatur
843 4090 933 4173 quod
961 4089 1054 4152 Deus
1082 4090 1246 4154 caelorum

132 4206 270 4268 surgere
289 4183 434 4249 facturus
452 4187 496 4249 sit
515 4205 657 4268 regnum
675 4185 765 4268 quod
784 4185 817 4247 in
838 4182 975 4247 saecula
992 4203 1061 4247 non
1082 4185 1245 4268 perdetur.

132 4288 168 4344 et
187 4280 277 4363 quod
301 4278 386 4361 lapis
406 4299 473 4342 non
497 4300 555 4361 per
574 4298 692 4342 manus
715 4279 850 4341 excisus
872 4275 979 4341 sactus
997 4278 1042 4341 sit
1064 4280 1100 4341 in
1121 4288 1246 4361 petram

133 4391 294 4456 magnam
310 4393 395 4457 quae
412 4371 564 4455 implevit
581 4383 692 4437 totam
708 4381 844 4436 terram.
890 4370 951 4455 (4.)
975 4370 1023 4435 Et
1038 4373 1118 4456 quia
1134 4372 1246 4435 Domi·
