2776 5040
419 502 470 557 na
492 502 911 555 cousuuuamous—u.
930 495 983 573 58,
1223 494 1266 577 69

144 683 229 736 tunc
253 692 298 736 ex
325 672 573 752 periclitatione
595 672 826 737 lamentantur
848 674 1064 756 gubernator,
1089 676 1264 741 nauclerus

143 778 182 832 et
209 777 335 831 nautae
344 789 352 846 ;
389 777 425 831 at
451 775 562 831 status
585 769 886 832 consummationis
914 780 966 834 est
993 771 1129 853 quando
1151 773 1265 836 carina

144 864 243 926 navis
266 863 454 927 corroditur
480 883 500 925 a
527 862 643 945 glarea
666 864 793 937 subter,
817 873 852 927 et
876 865 971 927 navis
994 873 1075 928 tunc
1099 865 1264 947 perfracta

143 967 180 1021 et
197 957 366 1040 perforata
378 958 530 1032 subsidit,
544 968 580 1021 et
596 978 640 1021 ex
654 958 902 1022 subundatione
914 960 1056 1041 pereunt
1073 962 1263 1026 navarchae

142 1072 222 1116 cum
245 1053 420 1116 mercibus.
465 1052 584 1116 Status
606 1054 809 1116 vastationis
832 1056 1019 1136 comparari
1046 1065 1162 1136 potest
1186 1076 1262 1120 cum

142 1147 237 1209 omni
260 1148 379 1210 morbo
413 1148 468 1229 qui
491 1147 620 1210 invadit
644 1148 805 1221 membra,
825 1149 954 1211 viscera
976 1159 1011 1212 et
1035 1170 1164 1231 organa
1187 1171 1262 1214 cor·

142 1242 246 1322 potia,
270 1261 314 1304 ex
342 1261 408 1323 quo
434 1252 595 1322 aegrotus
617 1252 800 1323 auguratur
823 1242 939 1317 letum,
964 1253 998 1306 et
1022 1244 1168 1309 consulit
1191 1265 1261 1311 me-

141 1337 267 1410 dicum,
291 1344 326 1398 et
353 1334 463 1401 haurit
490 1335 684 1418 pharmaca,
708 1346 744 1399 et
772 1337 901 1400 tamdiu
928 1338 961 1399 in
988 1358 1049 1420 spe
1075 1341 1262 1404 sanationis

141 1430 247 1494 cubat
263 1431 296 1492 in
313 1427 422 1507 lett0;
445 1440 481 1493 at
498 1440 609 1494 status
626 1432 926 1495 consummationis
943 1436 1128 1512 comparari
1145 1447 1261 1516 potest

140 1523 254 1586 eidem
273 1525 392 1588 morbo
414 1525 441 1586 si
464 1525 594 1588 invadit
613 1522 741 1608 pectus,
761 1527 794 1588 in
813 1547 880 1608 quo
898 1545 956 1590 cor
974 1536 1009 1590 et
1032 1527 1148 1609 pulmo
1167 1539 1204 1593 ut
1227 1530 1259 1593 in

140 1638 205 1681 suo
227 1618 447 1683 tabernaculo
466 1620 627 1695 resident,
646 1622 679 1683 in
703 1621 793 1703 quod
817 1622 897 1684 dum
916 1621 1053 1685 morbus
1075 1621 1132 1686 ille
1155 1644 1260 1706 pene·
1314 1662 1317 1667 ·

139 1721 223 1788 trat,
242 1710 354 1776 adium
373 1723 426 1777 est
446 1714 489 1777 de
508 1716 578 1777 vita
597 1715 747 1796 corporis
765 1713 844 1794 ejus.
1040 1780 1043 1786 Δ

205 1809 276 1889 58.
307 1807 425 1872 Status
448 1809 750 1872 consummationis
773 1808 949 1874 Ecclesiae
973 1810 1180 1877 israeliticae
1199 1815 1258 1878 de·

138 1902 297 1964 scribitur
315 1912 386 1966 tam
406 1903 439 1964 in
456 1902 562 1965 Verbi
583 1903 753 1967 historicis
772 1923 872 1986 quam
891 1904 925 1967 in
944 1904 1013 1985 ejus
1032 1908 1256 1989 propheticis:

138 1996 174 2058 in
194 1995 298 2059 Verbi
317 1997 523 2079 propheticis
543 2018 603 2080 per
620 1998 771 2061 enormia
789 1996 879 2062 faita
897 2018 1026 2081 regum,
1044 2003 1186 2082 primum
1206 2003 1257 2067 Is·

138 2091 333 2155 raelitarum
355 2101 391 2155 et
418 2101 539 2174 postea
560 2092 784 2174 Judaeorum;
808 2114 868 2175 per
890 2114 973 2176 quos
996 2104 1031 2157 et
1055 2094 1116 2158 sub
1139 2099 1257 2179 quibus

137 2195 230 2249 terra
256 2187 378 2249 dicitur
404 2187 600 2268 profanata:
633 2188 692 2251 sed
720 2208 897 2251 recensere
923 2187 981 2251 illa
1007 2208 1076 2252 non
1102 2191 1254 2267 interest,

136 2282 215 2362 quia
238 2290 321 2344 nota
340 2290 438 2358 sunt;
466 2282 636 2344 duntaxat
655 2282 866 2345 adducentur
885 2281 960 2345 loca
983 2303 1028 2345 ex
1051 2286 1256 2367 propheticis

134 2374 193 2437 ubi
219 2375 331 2457 agitur
353 2376 395 2438 de
420 2378 713 2440 consummatione
740 2386 775 2439 et
798 2377 1036 2440 devastatione
1063 2378 1159 2442 istius
1186 2381 1254 2445 Ec-

134 2467 272 2532 clesiae.
318 2469 357 2531 In
384 2469 435 2532 his
463 2468 556 2542 locis,
581 2491 640 2552 per
665 2470 849 2544 “terram''
874 2470 1075 2546 “Zionem,”
1100 2472 1255 2538 “Hiero-

133 2562 335 2645 solymam''
348 2568 368 2595 ‘⁴
377 2563 505 2638 urbes,”
519 2570 539 2595 “
548 2565 712 2638 monte8,'’
727 2571 746 2596 ‘⁴
756 2564 891 2639 colles,”
904 2572 923 2596 “
932 2565 1067 2642 valles,'’
1079 2565 1256 2645 “fluvios’'

134 2655 256 2717 similia
275 2678 360 2739 quae
379 2678 478 2740 supra
499 2658 545 2740 (n.
568 2660 633 2742 55),
653 2660 893 2742 significantur.

200 2748 258 2811 Ex
277 2751 482 2832 propheticis
502 2752 606 2816 Verbi
625 2767 704 2818 sunt
723 2756 826 2819 haec:

189 2880 277 2931 “Vidi
295 2891 401 2940 terram,
420 2891 449 2930 et
464 2896 526 2930 ecce
543 2895 656 2930 vacuum
674 2890 700 2930 et
718 2881 806 2939 inane,
824 2889 851 2929 et
868 2895 961 2929 versus
979 2880 1077 2938 caelos,
1092 2889 1118 2929 et
1136 2896 1191 2932 non
1209 2884 1256 2935 lux

268 2961 369 2996 eorum.
507 2946 568 2995 Vidi
585 2961 645 2995 cum
663 2961 723 2995 ecce
741 2944 847 2995 Carmel
866 2947 1007 3006 desertum,
1023 2955 1050 2994 et
1067 2960 1162 2996 omnes
1174 2951 1254 3000 urbes

270 3008 362 3124 [ejmh
371 3012 507 3061 desolatae
522 3021 584 3061 sunt
596 3026 686 3061 coram
697 3010 828 3075 Jehovah.
865 3048 871 3060 .
885 3047 890 3060 .
903 3047 909 3061 .
922 3047 929 3061 .
966 3011 1035 3074 Quia
1047 3011 1085 3059 sic
1096 3012 1163 3061 dixit
1174 3012 1253 3077 Jeho·

268 3078 329 3136 vah,
363 3077 456 3126 astitas
469 3077 519 3126 erit
530 3087 587 3126 tota
599 3088 686 3133 terra;
703 3076 962 3126 consummationem
972 3086 1061 3124 tamen
1071 3090 1127 3125 non
1139 3077 1235 3128 faciam
1246 3094 1253 3139 ς

267 3152 408 3204 propterea
425 3142 526 3204 lugebit
543 3150 620 3199 terra.
635 3152 662 3191 et
679 3142 756 3191 atrati
774 3150 852 3190 emnt
869 3141 934 3189 caeli
950 3142 1073 3202 desuper.
1211 3144 1253 3194 Tu

268 3221 332 3269 ergo
344 3216 457 3265 vastata,
471 3207 534 3271 quid
546 3207 627 3256 iacies
635 3206 661 3258 i''
678 3207 785 3271 (Jerm.
797 3207 832 3256 iv.
845 3219 940 3266 23·31;
959 3220 1016 3268 cap,
1028 3222 1054 3255 v.
1072 3221 1109 3266 ro,
1123 3208 1152 3255 18
1163 3205 1180 3268 ς)
1207 3266 1210 3270 Δ

187 3275 206 3296 “
215 3272 344 3322 Ascendit
361 3272 403 3321 leo
416 3287 430 3321 e
442 3282 553 3335 vepreto
565 3287 622 3331 suo,
637 3281 663 3322 et
681 3273 798 3334 perditor
808 3272 928 3333 gentium
939 3308 945 3320 .
958 3308 964 3320 .
977 3308 984 3322 .
995 3271 1076 3320 exivit
1093 3286 1108 3321 e
1126 3272 1186 3321 loco
1202 3287 1252 3323 suo

266 3338 301 3386 ad
318 3338 491 3400 redigendum
504 3348 602 3386 terram
619 3338 647 3387 in
660 3339 831 3395 vastitatem
849 3336 952 3386 ....in
965 3336 1007 3385 die
1022 3337 1252 3399 illo....peribit

265 3418 313 3453 cor
318 3405 403 3530 pegia,
414 3413 441 3452 et
450 3418 496 3452 cor
507 3403 665 3466 principum,
677 3413 703 3452 et
714 3405 902 3465 obstupescent
913 3403 1063 3452 sacerdotes
1070 3400 1085 3422 ”
1094 3401 1201 3467 (Jerem.
1214 3405 1249 3455 iv.

268 3482 344 3531 7293

187 3537 205 3558 ¹³
215 3534 247 3584 ln
264 3535 307 3583 die
325 3535 371 3584 illo
382 3535 432 3584 erit
444 3534 533 3583 omnis
546 3534 629 3592 locus,
644 3534 670 3582 in
688 3548 741 3596 quo
755 3533 862 3581 fuerunt
874 3532 946 3582 mille
958 3532 1027 3582 vites
1030 3569 1113 3590 .....
1126 3533 1152 3581 in
1170 3535 1251 3583 senti·

265 3609 352 3726 (cetum
371 3610 397 3649 et
409 3610 547 3726 vepretpm
550 3636 633 3658 .....
645 3599 708 3663 quia
724 3599 881 3649 senticetum
897 3607 924 3647 et
936 3607 1076 3661 vepretum
1088 3608 1145 3647 tota
1157 3608 1229 3648 terra
1235 3599 1249 3619 ''

275 3666 348 3715 Erat.
361 3665 405 3715 vii.
418 3677 457 3726 23,
470 3678 501 3724 24
520 3680 526 3720 ;

186 3730 273 3780 “Vox
289 3731 413 3780 clamoris
430 3740 575 3792 pastorum,
589 3739 632 3780 et.
645 3730 850 3792 ...potentium
863 3729 961 3790 gregis,
975 3729 1038 3792 quia
1049 3739 1158 3778 vastam
1169 3728 1250 3858 {eho-

266 3797 318 3845 vah
330 3810 457 3859 pascuum
470 3793 599 3851 eoruml¹¹;
617 3796 687 3844 unde
700 3796 855 3844 devastatae
867 3803 930 3842 sunt
942 3794 1033 3843 caulae
1046 3795 1126 3857 pacis.
1186 3795 1250 3844 eho·

265 3861 317 3910 vah
334 3862 451 3911 deseruit
471 3861 670 3910 tabernaculum
691 3875 777 3918 suum,
797 3860 859 3924 quia
878 3857 986 3909 redatla
1005 3870 1046 3909 est
1067 3870 1137 3909 terra
1156 3874 1248 3909 eorum

265 3927 293 3976 ln
305 3927 499 3976 desolationem
505 3926 520 3947 ’'
532 3927 639 3991 (Jerem.
651 3941 713 3975 xxv.
726 3925 834 3986 36-38);

186 3991 283 4041 “Sicut
298 3992 386 4041 Schilo
398 3993 448 4040 erit
459 3991 555 4041 domus
572 3992 646 4049 haec,
661 4000 688 4041 et
707 3988 781 4056 [urbs
798 3991 863 4039 haec
885 3989 899 4010 '⁹
913 3990 1105 4054 Hierosolyma
1118 3990 1193 4040 “erit
1204 3991 1248 4041 de-

265 4058 380 4107 vastatio
387 4057 401 4077 ”
413 4057 520 4122 (Jerem.
535 4057 606 4107 xxvi.
621 4070 653 4119 9:
671 4071 728 4120 cap.
740 4057 820 4106 xxvii.
835 4067 864 4116 17
884 4069 890 4116 ;

185 4120 377 4186 Hierosolyma
392 4133 420 4172 et
437 4137 532 4172 omnes
544 4125 622 4172 urbes
634 4122 754 4186 Jehudae
766 4131 844 4171 erunt
861 4121 992 4171 desolatio
1009 4129 1036 4170 et
1053 4121 1203 4170 devastatio
1220 4124 1247 4170 in

264 4188 306 4237 die
315 4189 382 4246 hoc:
400 4225 407 4238 .
420 4225 426 4238 .
438 4225 445 4238 .
458 4225 465 4238 .
479 4191 612 4251 “propter
620 4187 749 4237 malitiam
759 4201 869 4250 operum
878 4197 1029 4237 vestrorum
1031 4221 1115 4244 .....
1126 4183 1198 4235 iacta
1207 4196 1248 4236 est

264 4263 335 4303 terra
354 4262 444 4368 vesltra
465 4253 719 4367 infidesolationem,
742 4253 770 4303 in
793 4262 939 4315 stuporem,
961 4261 988 4302 et
1009 4248 1247 4301 maledidiionem''

264 4320 273 4378 l
299 4335 371 4368 erem.
412 4319 482 4378 im,
511 4331 588 4378 ,22;

184 4320 321 4433 “TerraJm
333 4385 403 4434 dabo
415 4318 637 4444 devastatiohem,
651 4385 711 4435 ideo
723 4383 795 4448 quod
812 4383 987 4447 praevaricati
1003 4391 1066 4433 sunt
1083 4381 1245 4445 praevarlca

263 4450 364 4499 tionem
372 4450 387 4471 '⁹
399 4449 500 4506 (Erech.
512 4465 556 4500 xv.
569 4450 610 4511 8);
