2776 5040
309 484 360 534 uE
382 483 459 535 ono
482 484 740 536 REDEMPTORE
762 485 847 553 Jnsu
869 486 1045 539 cunrsro.
1193 490 1237 556 29

176 670 209 734 9.
243 650 344 734 Quod
371 649 563 734 conjunctio
589 654 772 736 spiritualis
799 655 945 719 hominis
972 677 1049 721 cum
1075 656 1233 731 naturali,

328 756 363 811 et
381 748 543 812 naturalis
560 747 709 813 hominis
723 769 799 813 cum
816 751 992 833 spirituali,
1006 750 1066 815 fiat
1082 772 1142 834 per
1157 761 1234 816 ten·

329 843 488 906 tationes.

460 1223 618 1288 CAPUT
642 1221 892 1287 OCTAVUM.

114 1406 230 1491 Quor>
261 1420 353 1472 rosa
383 1421 568 1472 Exxcrxu
594 1420 814 1472 unmouan
842 1421 1026 1471 nEn1En1E
1056 1421 1097 1471 nv
1129 1408 1234 1472 D1v1·

244 1515 327 1567 nun
351 1517 392 1566 nv
416 1515 493 1579 Quo
516 1516 565 1565 nn
587 1515 770 1567 antonno
793 1516 892 1578 Eum,
912 1515 992 1567 una
1014 1516 1093 1567 cun
1117 1517 1164 1566 Er
1191 1516 1233 1567 m

243 1610 502 1661 cuommcnro
527 1596 711 1661 Humano.

181 1797 208 1845 1.
240 1778 343 1862 Quod
368 1780 522 1863 Jehovae
554 1781 629 1844 Deo
661 1781 706 1844 ab
735 1790 878 1845 aeterno
907 1780 1006 1846 suerit
1037 1780 1233 1844 Humanum

327 1876 425 1958 quale
445 1886 499 1939 est
518 1875 649 1956 angelis
669 1876 702 1937 in
722 1875 836 1950 caelis,
853 1876 914 1939 sed
934 1877 1104 1940 essentiae
1123 1875 1233 1939 infini-

326 1980 395 2042 tae,
416 1970 464 2032 ita
485 1969 644 2032 Divinum
661 1991 669 2046 ;
696 1979 732 2032 et
751 1971 840 2052 quod
864 1969 933 2052 Ipsi
953 1989 1021 2032 non
1039 1969 1139 2033 suerit
1159 1969 1232 2033 Hu-

327 2083 464 2127 manum
484 2063 584 2145 quale
603 2074 656 2126 est
676 2062 868 2126 hominibus
886 2065 920 2127 in
940 2065 1047 2129 terris.

178 2172 208 2221 2.
241 2155 342 2239 Quod
364 2157 519 2239 Jehovah
548 2157 642 2220 Deus
668 2159 888 2239 assumpserit
914 2157 1110 2221 Humanum
1134 2158 1233 2242 quale

327 2264 379 2317 est
393 2253 585 2316 hominibus
598 2253 631 2315 in
644 2253 754 2329 terris,
766 2254 951 2317 secundum
963 2254 1122 2317 Divinum
1136 2274 1233 2318 suum

327 2348 501 2423 ordinem;
529 2348 584 2430 qui
608 2357 673 2420 est,
698 2357 735 2410 ut
759 2348 1006 2429 conciperetur,
1027 2359 1233 2424 nasceretur,

327 2441 552 2515 adolesceret,
584 2451 619 2504 et
651 2443 843 2504 successive
874 2442 1041 2506 imbueret
1076 2441 1234 2505 Divinam

326 2534 536 2618 Sapientiam
556 2545 592 2599 et
612 2535 772 2598 Divinum
793 2534 969 2599 Amorem.

178 2648 208 2713 3.
240 2629 342 2712 Quod
369 2631 418 2694 ita
442 2630 586 2692 univerit
609 2629 674 2693 hoc
704 2629 901 2693 Humanum
925 2648 1003 2694 cum
1026 2629 1151 2695 Divino
1173 2649 1235 2695 suo

326 2724 369 2787 ab
392 2734 544 2797 aeterno,
569 2733 605 2786 et
632 2723 723 2806 quod
753 2724 800 2787 sic
829 2725 974 2788 exiverit
1001 2745 1047 2788 ex
1075 2724 1176 2789 Patre
1198 2734 1235 2789 et

326 2819 462 2882 redierit
482 2819 525 2881 ad
545 2819 692 2882 Patrem.

174 2932 207 2995 4.
240 2913 341 2996 Quod
363 2912 520 2996 Jehovah
544 2912 639 2975 Deus
665 2914 699 2976 in
726 2912 790 2976 hoc
819 2912 982 2977 Humano
1004 2923 1039 2978 et
1068 2934 1128 2996 per
1151 2913 1234 2977 illud

325 3009 518 3072 exercuerit
530 3006 710 3088 justitiam,
724 3017 760 3070 et
777 3006 820 3071 Se
833 3007 950 3072 fecerit
963 3008 1233 3091 Redemptorem

326 3113 360 3167 et
381 3101 608 3166 Salvatorem.

180 3211 208 3279 5.
239 3196 286 3260 Et
316 3197 408 3279 quod
436 3216 496 3278 per
523 3197 711 3259 unitionem
738 3194 809 3276 ejus
836 3214 913 3259 cum
944 3195 1069 3260 Divino
1099 3216 1160 3258 suo
1190 3195 1234 3260 Se

325 3291 442 3354 fecerit
465 3289 734 3372 Redemptorem
757 3298 793 3353 et
816 3288 1033 3354 Salvatorem
1049 3293 1094 3354 'in
1121 3301 1233 3354 aeter-

326 3406 416 3449 num.

175 3482 207 3546 6.
239 3479 341 3563 Quod
355 3479 511 3563 Jehovah
525 3481 618 3544 Deus
635 3500 694 3562 per
707 3480 865 3543 unionem
878 3478 977 3561 hujus
991 3478 1140 3542 Humani
1156 3499 1233 3543 cum

327 3576 451 3649 Divino
481 3595 542 3637 suo
571 3575 780 3638 exaltaverit
810 3575 1097 3658 omnipotentiam
1125 3594 1232 3649 suam,

325 3670 415 3752 quod
434 3668 638 3751 intelligitur
654 3689 713 3751 per
730 3670 877 3732 “sedere
895 3669 940 3733 ad
959 3669 1119 3733 dextram
1138 3667 1235 3733 Dei.”

176 3783 208 3848 7.
241 3764 342 3847 Quod
360 3763 516 3847 Jehovah
537 3762 681 3826 Deus'in
704 3762 770 3827 hoc
791 3763 952 3826 Humano
972 3764 1016 3826 sit
1035 3783 1134 3845 supra
1153 3783 1232 3826 cae-

326 3849 389 3933 los,
410 3857 604 3921 illuminans
623 3858 814 3920 universum
834 3855 958 3920 lumine
978 3858 1177 3938 sapientiae,
1197 3868 1233 3921 et

326 3954 496 4035 inspirans
513 3954 546 4015 in
566 3953 761 4016 universum
778 3952 939 4014 virtutem
959 3952 1094 4015 amoris.

177 4049 207 4114 8.
240 4046 341 4130 Quod
365 4049 432 4111 duo
456 4047 514 4111 illa
537 4048 689 4129 gratuito
711 4046 882 4128 accipiant
905 4044 953 4109 illi
976 4047 1032 4129 qui
1056 4044 1171 4128 Ipsum
1195 4055 1233 4108 ut

328 4141 511 4206 Hominem
525 4143 665 4216 adeunt,
679 4151 715 4204 et
728 4140 912 4204 secundum
926 4150 1110 4222 praecepta
1123 4139 1232 4221 Ipsius

328 4239 459 4301 vivunt.

174 4350 207 4417 9.
240 4330 341 4416 Quod
363 4330 518 4414 Jehovah
545 4330 639 4395 Deus
666 4328 758 4393 solus
788 4329 832 4391 sit
858 4327 980 4411 plenus
1005 4326 1120 4390 Homo
1142 4325 1231 4408 apud

326 4425 479 4509 angelos.
