<?xml version="1.0" encoding="UTF-8"?>
<!DOCTYPE html PUBLIC "-//W3C//DTD XHTML 1.0 Transitional//EN"
    "http://www.w3.org/TR/xhtml1/DTD/xhtml1-transitional.dtd">
<html xmlns="http://www.w3.org/1999/xhtml" xml:lang="en" lang="en">
 <head>
  <title>
</title>
<meta http-equiv="Content-Type" content="text/html;charset=utf-8" />
  <meta name='ocr-system' content='tesseract 3.04.00' />
  <meta name='ocr-capabilities' content='ocr_page ocr_carea ocr_par ocr_line ocrx_word'/>
</head>
<body>
  <div class='ocr_page' id='page_1' title='image "./denovahiersosol00swedgoog_0206.png"; bbox 0 0 2776 5040; ppageno 0'>
   <div class='ocr_carea' id='block_1_1' title="bbox 503 499 1211 577">
    <p class='ocr_par' dir='ltr' id='par_1_1' title="bbox 503 499 1211 577">
     <span class='ocr_line' id='line_1_1' title="bbox 503 499 1211 577; baseline 0.01 -27"><span class='ocrx_word' id='word_1_1' title='bbox 503 499 553 550; x_wconf 83' lang='lat' dir='ltr'>DE</span> <span class='ocrx_word' id='word_1_2' title='bbox 575 499 805 552; x_wconf 80' lang='lat' dir='ltr'><strong>CHARITATE.</strong></span> <span class='ocrx_word' id='word_1_3' title='bbox 1170 507 1211 577; x_wconf 80' lang='grc'>13</span> 
     </span>
    </p>
   </div>
   <div class='ocr_carea' id='block_1_2' title="bbox 109 663 1214 1855">
    <p class='ocr_par' dir='ltr' id='par_1_2' title="bbox 109 663 1212 1312">
     <span class='ocr_line' id='line_1_2' title="bbox 150 663 1212 755; baseline 0.007 -24"><span class='ocrx_word' id='word_1_4' title='bbox 150 663 288 732; x_wconf 82' lang='lat' dir='ltr'>Verum</span> <span class='ocrx_word' id='word_1_5' title='bbox 304 677 357 731; x_wconf 86' lang='lat' dir='ltr'>est</span> <span class='ocrx_word' id='word_1_6' title='bbox 373 668 462 749; x_wconf 92' lang='lat' dir='ltr'>quod</span> <span class='ocrx_word' id='word_1_7' title='bbox 478 668 580 732; x_wconf 92' lang='lat' dir='ltr'>homo</span> <span class='ocrx_word' id='word_1_8' title='bbox 596 690 632 734; x_wconf 92' lang='lat' dir='ltr'>se</span> <span class='ocrx_word' id='word_1_9' title='bbox 654 669 806 735; x_wconf 85' lang='lat' dir='ltr'>confiteri</span> <span class='ocrx_word' id='word_1_10' title='bbox 817 669 976 736; x_wconf 79' lang='lat' dir='ltr'>tudebeat</span> <span class='ocrx_word' id='word_1_11' title='bbox 991 693 1066 737; x_wconf 89' lang='lat' dir='ltr'>esse</span> <span class='ocrx_word' id='word_1_12' title='bbox 1089 692 1212 755; x_wconf 89' lang='lat' dir='ltr'>pecca·</span> 
     </span>
     <span class='ocr_line' id='line_1_3' title="bbox 109 762 1211 849; baseline 0.005 -24"><span class='ocrx_word' id='word_1_13' title='bbox 109 780 215 837; x_wconf 72' lang='lat' dir='ltr'>arem,</span> <span class='ocrx_word' id='word_1_14' title='bbox 232 771 269 826; x_wconf 93' lang='lat' dir='ltr'>et</span> <span class='ocrx_word' id='word_1_15' title='bbox 285 762 375 845; x_wconf 95' lang='lat' dir='ltr'>quod</span> <span class='ocrx_word' id='word_1_16' title='bbox 399 781 466 825; x_wconf 93' lang='lat' dir='ltr'>non</span> <span class='ocrx_word' id='word_1_17' title='bbox 483 762 652 844; x_wconf 89' lang='lat' dir='ltr'>integrum</span> <span class='ocrx_word' id='word_1_18' title='bbox 668 766 711 827; x_wconf 92' lang='lat' dir='ltr'>sit</span> <span class='ocrx_word' id='word_1_19' title='bbox 727 785 747 827; x_wconf 91' lang='lat' dir='ltr'>a</span> <span class='ocrx_word' id='word_1_20' title='bbox 762 766 874 845; x_wconf 90' lang='lat' dir='ltr'>capite</span> <span class='ocrx_word' id='word_1_21' title='bbox 889 765 933 828; x_wconf 87' lang='lat' dir='ltr'>ad</span> <span class='ocrx_word' id='word_1_22' title='bbox 955 766 1069 830; x_wconf 90' lang='lat' dir='ltr'>volam</span> <span class='ocrx_word' id='word_1_23' title='bbox 1093 768 1211 849; x_wconf 88' lang='lat' dir='ltr'>pedis;</span> 
     </span>
     <span class='ocr_line' id='line_1_4' title="bbox 109 854 1211 941; baseline 0.003 -22"><span class='ocrx_word' id='word_1_24' title='bbox 109 874 156 919; x_wconf 93' lang='lat' dir='ltr'>oc</span> <span class='ocrx_word' id='word_1_25' title='bbox 185 865 304 936; x_wconf 90' lang='lat' dir='ltr'>potest</span> <span class='ocrx_word' id='word_1_26' title='bbox 331 854 431 937; x_wconf 90' lang='lat' dir='ltr'>loqui,</span> <span class='ocrx_word' id='word_1_27' title='bbox 455 866 490 919; x_wconf 91' lang='lat' dir='ltr'>et</span> <span class='ocrx_word' id='word_1_28' title='bbox 516 876 561 920; x_wconf 89' lang='lat' dir='ltr'>ex</span> <span class='ocrx_word' id='word_1_29' title='bbox 587 859 730 920; x_wconf 89' lang='lat' dir='ltr'>scientia</span> <span class='ocrx_word' id='word_1_30' title='bbox 756 856 867 941; x_wconf 89' lang='lat' dir='ltr'>loqui;</span> <span class='ocrx_word' id='word_1_31' title='bbox 904 859 965 921; x_wconf 91' lang='lat' dir='ltr'>sed</span> <span class='ocrx_word' id='word_1_32' title='bbox 995 870 1111 924; x_wconf 90' lang='lat' dir='ltr'>tamen</span> <span class='ocrx_word' id='word_1_33' title='bbox 1140 879 1211 923; x_wconf 93' lang='lat' dir='ltr'>non</span> 
     </span>
     <span class='ocr_line' id='line_1_5' title="bbox 109 949 1211 1033; baseline 0.004 -21"><span class='ocrx_word' id='word_1_34' title='bbox 109 957 210 1013; x_wconf 91' lang='lat' dir='ltr'>otest</span> <span class='ocrx_word' id='word_1_35' title='bbox 226 949 366 1013; x_wconf 87' lang='lat' dir='ltr'>interius</span> <span class='ocrx_word' id='word_1_36' title='bbox 389 949 524 1012; x_wconf 90' lang='lat' dir='ltr'>credere</span> <span class='ocrx_word' id='word_1_37' title='bbox 540 950 583 1023; x_wconf 94' lang='lat' dir='ltr'>id,</span> <span class='ocrx_word' id='word_1_38' title='bbox 601 951 662 1013; x_wconf 88' lang='lat' dir='ltr'>nisi</span> <span class='ocrx_word' id='word_1_39' title='bbox 678 951 711 1013; x_wconf 94' lang='lat' dir='ltr'>id</span> <span class='ocrx_word' id='word_1_40' title='bbox 727 952 811 1014; x_wconf 91' lang='lat' dir='ltr'>sciat</span> <span class='ocrx_word' id='word_1_41' title='bbox 836 971 895 1032; x_wconf 90' lang='lat' dir='ltr'>per</span> <span class='ocrx_word' id='word_1_42' title='bbox 918 951 1190 1033; x_wconf 89' lang='lat' dir='ltr'>explorationem</span> <span class='ocrx_word' id='word_1_43' title='bbox 1204 975 1211 1031; x_wconf 93' lang='lat'>;</span> 
     </span>
     <span class='ocr_line' id='line_1_6' title="bbox 109 1042 1212 1128; baseline 0.004 -23"><span class='ocrx_word' id='word_1_44' title='bbox 109 1061 175 1105; x_wconf 91' lang='lat' dir='ltr'>unc</span> <span class='ocrx_word' id='word_1_45' title='bbox 192 1051 308 1123; x_wconf 88' lang='lat' dir='ltr'>potest</span> <span class='ocrx_word' id='word_1_46' title='bbox 324 1042 407 1105; x_wconf 90' lang='lat' dir='ltr'>haec</span> <span class='ocrx_word' id='word_1_47' title='bbox 420 1042 541 1116; x_wconf 88' lang='lat' dir='ltr'>dicere,</span> <span class='ocrx_word' id='word_1_48' title='bbox 554 1054 589 1107; x_wconf 91' lang='lat' dir='ltr'>et</span> <span class='ocrx_word' id='word_1_49' title='bbox 606 1054 686 1106; x_wconf 91' lang='lat' dir='ltr'>tunc</span> <span class='ocrx_word' id='word_1_50' title='bbox 700 1045 842 1125; x_wconf 89' lang='lat' dir='ltr'>primum</span> <span class='ocrx_word' id='word_1_51' title='bbox 858 1045 1099 1110; x_wconf 85' lang='lat' dir='ltr'>animadvertit</span> <span class='ocrx_word' id='word_1_52' title='bbox 1122 1047 1212 1128; x_wconf 92' lang='lat' dir='ltr'>quod</span> 
     </span>
     <span class='ocr_line' id='line_1_7' title="bbox 109 1135 1212 1219; baseline 0.006 -22"><span class='ocrx_word' id='word_1_53' title='bbox 109 1154 162 1198; x_wconf 67' lang='lat' dir='ltr'>,on</span> <span class='ocrx_word' id='word_1_54' title='bbox 186 1136 356 1217; x_wconf 86' lang='lat' dir='ltr'>integrum</span> <span class='ocrx_word' id='word_1_55' title='bbox 379 1136 411 1198; x_wconf 94' lang='lat' dir='ltr'>in</span> <span class='ocrx_word' id='word_1_56' title='bbox 434 1157 476 1199; x_wconf 92' lang='lat' dir='ltr'>eo</span> <span class='ocrx_word' id='word_1_57' title='bbox 498 1137 551 1200; x_wconf 88' lang='lat' dir='ltr'>sit.</span> <span class='ocrx_word' id='word_1_58' title='bbox 596 1135 661 1209; x_wconf 90' lang='lat' dir='ltr'>Sic,</span> <span class='ocrx_word' id='word_1_59' title='bbox 679 1156 747 1200; x_wconf 91' lang='lat' dir='ltr'>non</span> <span class='ocrx_word' id='word_1_60' title='bbox 768 1137 877 1213; x_wconf 88' lang='lat' dir='ltr'>aliter,</span> <span class='ocrx_word' id='word_1_61' title='bbox 893 1139 1043 1219; x_wconf 88' lang='lat' dir='ltr'>aperitur</span> <span class='ocrx_word' id='word_1_62' title='bbox 1061 1139 1154 1203; x_wconf 92' lang='lat' dir='ltr'>ulcus</span> <span class='ocrx_word' id='word_1_63' title='bbox 1177 1150 1212 1204; x_wconf 91' lang='lat' dir='ltr'>et</span> 
     </span>
     <span class='ocr_line' id='line_1_8' title="bbox 109 1228 835 1312; baseline 0.004 -21"><span class='ocrx_word' id='word_1_64' title='bbox 109 1238 254 1306; x_wconf 89' lang='lat' dir='ltr'>anatur;</span> <span class='ocrx_word' id='word_1_65' title='bbox 277 1228 422 1311; x_wconf 91' lang='lat' dir='ltr'>alioquin</span> <span class='ocrx_word' id='word_1_66' title='bbox 438 1239 491 1293; x_wconf 90' lang='lat' dir='ltr'>est</span> <span class='ocrx_word' id='word_1_67' title='bbox 508 1232 635 1294; x_wconf 92' lang='lat' dir='ltr'>curatio</span> <span class='ocrx_word' id='word_1_68' title='bbox 652 1230 835 1312; x_wconf 87' lang='lat' dir='ltr'>palliativa.</span> 
     </span>
    </p>

    <p class='ocr_par' dir='ltr' id='par_1_3' title="bbox 109 1321 1213 1498">
     <span class='ocr_line' id='line_1_9' title="bbox 156 1321 1213 1407; baseline 0.006 -23"><span class='ocrx_word' id='word_1_69' title='bbox 156 1321 288 1385; x_wconf 90' lang='lat' dir='ltr'>Annon</span> <span class='ocrx_word' id='word_1_70' title='bbox 305 1322 469 1386; x_wconf 84' lang='lat' dir='ltr'>Dominus</span> <span class='ocrx_word' id='word_1_71' title='bbox 485 1325 690 1404; x_wconf 89' lang='lat' dir='ltr'>praedicavit</span> <span class='ocrx_word' id='word_1_72' title='bbox 713 1325 968 1407; x_wconf 91' lang='lat' dir='ltr'>poenitentiam,</span> <span class='ocrx_word' id='word_1_73' title='bbox 985 1327 1089 1390; x_wconf 90' lang='lat' dir='ltr'>etiarn</span> <span class='ocrx_word' id='word_1_74' title='bbox 1113 1327 1213 1390; x_wconf 92' lang='lat' dir='ltr'>disci·</span> 
     </span>
     <span class='ocr_line' id='line_1_10' title="bbox 109 1414 566 1498; baseline 0.004 -21"><span class='ocrx_word' id='word_1_75' title='bbox 109 1414 174 1489; x_wconf 75' lang='lat' dir='ltr'>mli,</span> <span class='ocrx_word' id='word_1_76' title='bbox 191 1416 295 1479; x_wconf 91' lang='lat' dir='ltr'>etiam</span> <span class='ocrx_word' id='word_1_77' title='bbox 310 1416 384 1496; x_wconf 87' lang='lat' dir='ltr'>Joh.</span> <span class='ocrx_word' id='word_1_78' title='bbox 402 1416 566 1498; x_wconf 86' lang='lat' dir='ltr'>Baptista.</span> 
     </span>
    </p>

    <p class='ocr_par' dir='ltr' id='par_1_4' title="bbox 109 1507 1214 1855">
     <span class='ocr_line' id='line_1_11' title="bbox 155 1507 1213 1596; baseline 0.005 -24"><span class='ocrx_word' id='word_1_79' title='bbox 155 1507 286 1573; x_wconf 85' lang='lat' dir='ltr'><em>Esaias</em></span> <span class='ocrx_word' id='word_1_80' title='bbox 301 1510 392 1584; x_wconf 89' lang='lat' dir='ltr'>dicit,</span> <span class='ocrx_word' id='word_1_81' title='bbox 408 1511 498 1592; x_wconf 93' lang='lat' dir='ltr'>quod</span> <span class='ocrx_word' id='word_1_82' title='bbox 514 1512 656 1592; x_wconf 80' lang='lat' dir='ltr'>primum</span> <span class='ocrx_word' id='word_1_83' title='bbox 673 1513 715 1585; x_wconf 90' lang='lat' dir='ltr'>sit</span> <span class='ocrx_word' id='word_1_84' title='bbox 732 1512 894 1577; x_wconf 84' lang='lat' dir='ltr'>desistere</span> <span class='ocrx_word' id='word_1_85' title='bbox 909 1534 929 1577; x_wconf 87' lang='lat' dir='ltr'>a</span> <span class='ocrx_word' id='word_1_86' title='bbox 945 1512 1052 1588; x_wconf 75' lang='lat' dir='ltr'>maliS,</span> <span class='ocrx_word' id='word_1_87' title='bbox 1072 1523 1106 1577; x_wconf 91' lang='lat' dir='ltr'>et</span> <span class='ocrx_word' id='word_1_88' title='bbox 1123 1514 1213 1596; x_wconf 92' lang='lat' dir='ltr'>quod</span> 
     </span>
     <span class='ocr_line' id='line_1_12' title="bbox 109 1603 1213 1690; baseline 0.005 -23"><span class='ocrx_word' id='word_1_89' title='bbox 109 1622 176 1667; x_wconf 89' lang='lat' dir='ltr'>unc</span> <span class='ocrx_word' id='word_1_90' title='bbox 199 1603 309 1666; x_wconf 89' lang='lat' dir='ltr'>discet</span> <span class='ocrx_word' id='word_1_91' title='bbox 331 1604 457 1666; x_wconf 94' lang='lat' dir='ltr'>bonum</span> <span class='ocrx_word' id='word_1_92' title='bbox 480 1604 599 1668; x_wconf 81' lang='lat' dir='ltr'>facere.</span> <span class='ocrx_word' id='word_1_93' title='bbox 644 1605 735 1669; x_wconf 91' lang='lat' dir='ltr'>Prius</span> <span class='ocrx_word' id='word_1_94' title='bbox 758 1625 826 1669; x_wconf 94' lang='lat' dir='ltr'>non</span> <span class='ocrx_word' id='word_1_95' title='bbox 849 1607 913 1670; x_wconf 91' lang='lat' dir='ltr'>scit</span> <span class='ocrx_word' id='word_1_96' title='bbox 935 1607 1039 1671; x_wconf 92' lang='lat' dir='ltr'>homo</span> <span class='ocrx_word' id='word_1_97' title='bbox 1068 1607 1148 1690; x_wconf 92' lang='lat' dir='ltr'>quid</span> <span class='ocrx_word' id='word_1_98' title='bbox 1178 1618 1213 1672; x_wconf 90' lang='lat' dir='ltr'>et</span> 
     </span>
     <span class='ocr_line' id='line_1_13' title="bbox 109 1695 1214 1781; baseline 0.005 -22"><span class='ocrx_word' id='word_1_99' title='bbox 109 1695 194 1779; x_wconf 68' lang='lat' dir='ltr'>[uale</span> <span class='ocrx_word' id='word_1_100' title='bbox 214 1697 360 1775; x_wconf 90' lang='lat' dir='ltr'>bonum;</span> <span class='ocrx_word' id='word_1_101' title='bbox 384 1697 509 1761; x_wconf 88' lang='lat' dir='ltr'>malum</span> <span class='ocrx_word' id='word_1_102' title='bbox 534 1699 641 1762; x_wconf 90' lang='lat' dir='ltr'>nescit</span> <span class='ocrx_word' id='word_1_103' title='bbox 666 1700 744 1781; x_wconf 91' lang='lat' dir='ltr'>quid</span> <span class='ocrx_word' id='word_1_104' title='bbox 767 1701 904 1776; x_wconf 93' lang='lat' dir='ltr'>bonum,</span> <span class='ocrx_word' id='word_1_105' title='bbox 925 1711 961 1765; x_wconf 88' lang='lat' dir='ltr'>at</span> <span class='ocrx_word' id='word_1_106' title='bbox 984 1700 1110 1765; x_wconf 93' lang='lat' dir='ltr'>bonum</span> <span class='ocrx_word' id='word_1_107' title='bbox 1135 1702 1214 1765; x_wconf 88' lang='lat' dir='ltr'>inde</span> 
     </span>
     <span class='ocr_line' id='line_1_14' title="bbox 111 1790 315 1855; baseline 0 -1"><span class='ocrx_word' id='word_1_108' title='bbox 111 1790 159 1855; x_wconf 88' lang='lat' dir='ltr'>cit</span> <span class='ocrx_word' id='word_1_109' title='bbox 177 1790 315 1854; x_wconf 89' lang='lat' dir='ltr'>malurn.</span> 
     </span>
    </p>
   </div>
   <div class='ocr_carea' id='block_1_3' title="bbox 109 1989 1212 2130">
    <p class='ocr_par' dir='ltr' id='par_1_5' title="bbox 109 1989 1212 2130">
     <span class='ocr_line' id='line_1_15' title="bbox 109 1989 1212 2062; baseline 0.003 -19"><span class='ocrx_word' id='word_1_110' title='bbox 109 1989 122 2042; x_wconf 73' lang='grc' dir='ltr'>ι’.</span> <span class='ocrx_word' id='word_1_111' title='bbox 147 1989 221 2047; x_wconf 72' lang='lat' dir='ltr'>duod</span> <span class='ocrx_word' id='word_1_112' title='bbox 232 1990 343 2058; x_wconf 79' lang='lat' dir='ltr'>primum</span> <span class='ocrx_word' id='word_1_113' title='bbox 366 1992 546 2045; x_wconf 68' lang='lat' dir='ltr'>remorandum</span> <span class='ocrx_word' id='word_1_114' title='bbox 569 1993 607 2046; x_wconf 81' lang='lat' dir='ltr'>alt</span> <span class='ocrx_word' id='word_1_115' title='bbox 627 1995 728 2053; x_wconf 80' lang='lat' dir='ltr'>mulum,</span> <span class='ocrx_word' id='word_1_116' title='bbox 746 1995 806 2062; x_wconf 78' lang='lat' dir='ltr'>quin</span> <span class='ocrx_word' id='word_1_117' title='bbox 826 1993 856 2047; x_wconf 82' lang='lat' dir='ltr'>id</span> <span class='ocrx_word' id='word_1_118' title='bbox 876 1998 920 2048; x_wconf 77' lang='lat' dir='ltr'>eat</span> <span class='ocrx_word' id='word_1_119' title='bbox 940 1999 1029 2048; x_wconf 72' lang='lat' dir='ltr'>contu</span> <span class='ocrx_word' id='word_1_120' title='bbox 1052 1995 1212 2054; x_wconf 70' lang='lat' dir='ltr'>charitatem,</span> 
     </span>
     <span class='ocr_line' id='line_1_16' title="bbox 194 2057 1212 2130; baseline 0.004 -22"><span class='ocrx_word' id='word_1_121' title='bbox 194 2057 265 2124; x_wconf 73' lang='lat' dir='ltr'>quod</span> <span class='ocrx_word' id='word_1_122' title='bbox 286 2060 314 2110; x_wconf 71' lang='lat' dir='ltr'>nt</span> <span class='ocrx_word' id='word_1_123' title='bbox 334 2074 384 2126; x_wconf 77' lang='lat' dir='ltr'>por</span> <span class='ocrx_word' id='word_1_124' title='bbox 402 2059 591 2127; x_wconf 70' lang='lat' dir='ltr'>poenitentium,</span> <span class='ocrx_word' id='word_1_125' title='bbox 609 2065 745 2128; x_wconf 76' lang='lat' dir='ltr'>untoquum</span> <span class='ocrx_word' id='word_1_126' title='bbox 768 2060 859 2114; x_wconf 63' lang='lat' dir='ltr'>unum</span> <span class='ocrx_word' id='word_1_127' title='bbox 881 2060 950 2130; x_wconf 72' lang='lat' dir='ltr'>quod</span> <span class='ocrx_word' id='word_1_128' title='bbox 971 2060 1212 2114; x_wconf 61' lang='lat' dir='ltr'>tosianianum</span> 
     </span>
    </p>
   </div>
   <div class='ocr_carea' id='block_1_4' title="bbox 109 2123 1217 3626">
    <p class='ocr_par' dir='ltr' id='par_1_6' title="bbox 195 2123 338 2177">
     <span class='ocr_line' id='line_1_17' title="bbox 195 2123 338 2177; baseline 0 -1"><span class='ocrx_word' id='word_1_129' title='bbox 195 2123 338 2177; x_wconf 72' lang='lat' dir='ltr'>marinna.</span> 
     </span>
    </p>

    <p class='ocr_par' dir='ltr' id='par_1_7' title="bbox 109 2248 1216 2707">
     <span class='ocr_line' id='line_1_18' title="bbox 159 2248 1214 2332; baseline 0.004 -19"><span class='ocrx_word' id='word_1_130' title='bbox 159 2248 330 2332; x_wconf 87' lang='lat' dir='ltr'>Quoniam</span> <span class='ocrx_word' id='word_1_131' title='bbox 346 2250 471 2315; x_wconf 90' lang='lat' dir='ltr'>malum</span> <span class='ocrx_word' id='word_1_132' title='bbox 484 2252 626 2332; x_wconf 88' lang='lat' dir='ltr'>primum</span> <span class='ocrx_word' id='word_1_133' title='bbox 639 2252 812 2316; x_wconf 90' lang='lat' dir='ltr'>sciendum</span> <span class='ocrx_word' id='word_1_134' title='bbox 827 2261 880 2316; x_wconf 92' lang='lat' dir='ltr'>est</span> <span class='ocrx_word' id='word_1_135' title='bbox 895 2252 940 2316; x_wconf 96' lang='lat' dir='ltr'>ob</span> <span class='ocrx_word' id='word_1_136' title='bbox 955 2271 1091 2316; x_wconf 89' lang='lat' dir='ltr'>causam</span> <span class='ocrx_word' id='word_1_137' title='bbox 1107 2263 1145 2317; x_wconf 95' lang='lat' dir='ltr'>ut</span> <span class='ocrx_word' id='word_1_138' title='bbox 1161 2274 1214 2316; x_wconf 90' lang='lat' dir='ltr'>re·</span> 
     </span>
     <span class='ocr_line' id='line_1_19' title="bbox 109 2345 1213 2431; baseline 0.002 -24"><span class='ocrx_word' id='word_1_139' title='bbox 109 2354 283 2419; x_wconf 71' lang='lat' dir='ltr'>torreatur,</span> <span class='ocrx_word' id='word_1_140' title='bbox 300 2345 377 2408; x_wconf 92' lang='lat' dir='ltr'>ideo</span> <span class='ocrx_word' id='word_1_141' title='bbox 393 2345 586 2427; x_wconf 84' lang='lat' dir='ltr'>Decalogus</span> <span class='ocrx_word' id='word_1_142' title='bbox 601 2345 661 2408; x_wconf 85' lang='lat' dir='ltr'>suit</span> <span class='ocrx_word' id='word_1_143' title='bbox 677 2347 818 2427; x_wconf 93' lang='lat' dir='ltr'>primum</span> <span class='ocrx_word' id='word_1_144' title='bbox 832 2345 935 2409; x_wconf 91' lang='lat' dir='ltr'>Verbi</span> <span class='ocrx_word' id='word_1_145' title='bbox 948 2366 962 2431; x_wconf 37' lang='grc'>;,</span> <span class='ocrx_word' id='word_1_146' title='bbox 979 2354 1014 2409; x_wconf 88' lang='lat' dir='ltr'>et</span> <span class='ocrx_word' id='word_1_147' title='bbox 1030 2366 1163 2428; x_wconf 91' lang='lat' dir='ltr'>quoque</span> <span class='ocrx_word' id='word_1_148' title='bbox 1180 2348 1213 2409; x_wconf 92' lang='lat' dir='ltr'>in</span> 
     </span>
     <span class='ocr_line' id='line_1_20' title="bbox 109 2437 1216 2520; baseline 0.002 -20"><span class='ocrx_word' id='word_1_149' title='bbox 109 2451 174 2504; x_wconf 89' lang='lat' dir='ltr'>:oto</span> <span class='ocrx_word' id='word_1_150' title='bbox 188 2440 270 2503; x_wconf 91' lang='lat' dir='ltr'>orbe</span> <span class='ocrx_word' id='word_1_151' title='bbox 286 2437 477 2503; x_wconf 90' lang='lat' dir='ltr'>Christiano</span> <span class='ocrx_word' id='word_1_152' title='bbox 493 2450 545 2502; x_wconf 87' lang='lat' dir='ltr'>est</span> <span class='ocrx_word' id='word_1_153' title='bbox 562 2441 702 2520; x_wconf 93' lang='lat' dir='ltr'>primum</span> <span class='ocrx_word' id='word_1_154' title='bbox 716 2437 887 2503; x_wconf 66' lang='lat' dir='ltr'>dottrinae</span> <span class='ocrx_word' id='word_1_155' title='bbox 903 2438 1087 2504; x_wconf 89' lang='lat' dir='ltr'>Ecclesiae.</span> <span class='ocrx_word' id='word_1_156' title='bbox 1133 2437 1216 2503; x_wconf 90' lang='lat' dir='ltr'>Om-</span> 
     </span>
     <span class='ocr_line' id='line_1_21' title="bbox 109 2532 1214 2615; baseline 0.003 -22"><span class='ocrx_word' id='word_1_157' title='bbox 109 2551 156 2597; x_wconf 86' lang='lat' dir='ltr'>nes</span> <span class='ocrx_word' id='word_1_158' title='bbox 171 2534 345 2597; x_wconf 90' lang='lat' dir='ltr'>initiantur</span> <span class='ocrx_word' id='word_1_159' title='bbox 361 2534 394 2596; x_wconf 92' lang='lat' dir='ltr'>in</span> <span class='ocrx_word' id='word_1_160' title='bbox 410 2533 599 2597; x_wconf 89' lang='lat' dir='ltr'>Ecclesiam</span> <span class='ocrx_word' id='word_1_161' title='bbox 612 2553 671 2615; x_wconf 89' lang='lat' dir='ltr'>per</span> <span class='ocrx_word' id='word_1_162' title='bbox 686 2534 770 2596; x_wconf 90' lang='lat' dir='ltr'>scire</span> <span class='ocrx_word' id='word_1_163' title='bbox 783 2532 907 2596; x_wconf 89' lang='lat' dir='ltr'>malum</span> <span class='ocrx_word' id='word_1_164' title='bbox 923 2543 959 2597; x_wconf 91' lang='lat' dir='ltr'>et</span> <span class='ocrx_word' id='word_1_165' title='bbox 975 2533 1165 2597; x_wconf 79' lang='lat' dir='ltr'>nonfacere</span> <span class='ocrx_word' id='word_1_166' title='bbox 1181 2533 1214 2596; x_wconf 94' lang='lat' dir='ltr'>id</span> 
     </span>
     <span class='ocr_line' id='line_1_22' title="bbox 109 2626 444 2707; baseline -0.003 -16"><span class='ocrx_word' id='word_1_167' title='bbox 109 2629 173 2707; x_wconf 73' lang='lat' dir='ltr'>quia</span> <span class='ocrx_word' id='word_1_168' title='bbox 189 2638 310 2691; x_wconf 88' lang='lat' dir='ltr'>contra</span> <span class='ocrx_word' id='word_1_169' title='bbox 325 2626 444 2691; x_wconf 89' lang='lat' dir='ltr'>Deum.</span> 
     </span>
    </p>

    <p class='ocr_par' dir='ltr' id='par_1_8' title="bbox 109 2718 1215 2895">
     <span class='ocr_line' id='line_1_23' title="bbox 159 2718 1215 2802; baseline 0 -19"><span class='ocrx_word' id='word_1_170' title='bbox 159 2718 273 2802; x_wconf 85' lang='lat' dir='ltr'>Quare</span> <span class='ocrx_word' id='word_1_171' title='bbox 285 2722 349 2784; x_wconf 92' lang='lat' dir='ltr'>hoc</span> <span class='ocrx_word' id='word_1_172' title='bbox 366 2721 508 2801; x_wconf 88' lang='lat' dir='ltr'>primum</span> <span class='ocrx_word' id='word_1_173' title='bbox 521 2730 592 2782; x_wconf 90' lang='lat' dir='ltr'>tam</span> <span class='ocrx_word' id='word_1_174' title='bbox 608 2718 761 2783; x_wconf 73' lang='lat' dir='ltr'>sanctum</span> <span class='ocrx_word' id='word_1_175' title='bbox 773 2718 833 2782; x_wconf 85' lang='lat' dir='ltr'>suit</span> <span class='ocrx_word' id='word_1_176' title='bbox 846 2739 890 2782; x_wconf 87' lang='lat' dir='ltr'>ex</span> <span class='ocrx_word' id='word_1_177' title='bbox 907 2738 1007 2783; x_wconf 89' lang='lat' dir='ltr'>causa</span> <span class='ocrx_word' id='word_1_178' title='bbox 1022 2719 1099 2801; x_wconf 92' lang='lat' dir='ltr'>quia</span> <span class='ocrx_word' id='word_1_179' title='bbox 1115 2738 1215 2783; x_wconf 91' lang='lat' dir='ltr'>nemo</span> 
     </span>
     <span class='ocr_line' id='line_1_24' title="bbox 109 2812 836 2895; baseline -0.003 -18"><span class='ocrx_word' id='word_1_180' title='bbox 109 2824 212 2889; x_wconf 61' lang='lat' dir='ltr'>totest</span> <span class='ocrx_word' id='word_1_181' title='bbox 228 2814 337 2877; x_wconf 82' lang='lat' dir='ltr'>facere</span> <span class='ocrx_word' id='word_1_182' title='bbox 353 2815 478 2877; x_wconf 92' lang='lat' dir='ltr'>bonum</span> <span class='ocrx_word' id='word_1_183' title='bbox 495 2812 720 2877; x_wconf 86' lang='lat' dir='ltr'>Christianum</span> <span class='ocrx_word' id='word_1_184' title='bbox 737 2814 836 2895; x_wconf 81' lang='lat' dir='ltr'>prius</span> 
     </span>
    </p>

    <p class='ocr_par' dir='ltr' id='par_1_9' title="bbox 109 2905 1215 3157">
     <span class='ocr_line' id='line_1_25' title="bbox 159 2905 1214 2989; baseline -0.002 -19"><span class='ocrx_word' id='word_1_185' title='bbox 159 2905 261 2989; x_wconf 92' lang='lat' dir='ltr'>Quod</span> <span class='ocrx_word' id='word_1_186' title='bbox 277 2908 401 2970; x_wconf 94' lang='lat' dir='ltr'>bonum</span> <span class='ocrx_word' id='word_1_187' title='bbox 418 2918 576 2989; x_wconf 88' lang='lat' dir='ltr'>sequatur</span> <span class='ocrx_word' id='word_1_188' title='bbox 592 2918 688 2989; x_wconf 90' lang='lat' dir='ltr'>patet</span> <span class='ocrx_word' id='word_1_189' title='bbox 705 2906 793 2970; x_wconf 88' lang='lat' dir='ltr'>clare</span> <span class='ocrx_word' id='word_1_190' title='bbox 809 2927 854 2969; x_wconf 87' lang='lat' dir='ltr'>ex</span> <span class='ocrx_word' id='word_1_191' title='bbox 877 2906 961 2969; x_wconf 90' lang='lat' dir='ltr'>hoc:</span> <span class='ocrx_word' id='word_1_192' title='bbox 989 2906 1101 2987; x_wconf 91' lang='lat' dir='ltr'>Judex</span> <span class='ocrx_word' id='word_1_193' title='bbox 1123 2906 1214 2981; x_wconf 88' lang='lat' dir='ltr'>dicit,</span> 
     </span>
     <span class='ocr_line' id='line_1_26' title="bbox 109 2998 1215 3082; baseline 0.001 -21"><span class='ocrx_word' id='word_1_194' title='bbox 109 3016 165 3064; x_wconf 88' lang='lat' dir='ltr'>ton</span> <span class='ocrx_word' id='word_1_195' title='bbox 181 3000 261 3064; x_wconf 91' lang='lat' dir='ltr'>volo</span> <span class='ocrx_word' id='word_1_196' title='bbox 273 3000 421 3081; x_wconf 88' lang='lat' dir='ltr'>judicare</span> <span class='ocrx_word' id='word_1_197' title='bbox 436 3022 481 3064; x_wconf 86' lang='lat' dir='ltr'>ex</span> <span class='ocrx_word' id='word_1_198' title='bbox 498 3000 597 3075; x_wconf 88' lang='lat' dir='ltr'>malo,</span> <span class='ocrx_word' id='word_1_199' title='bbox 611 3011 748 3082; x_wconf 91' lang='lat' dir='ltr'>propter</span> <span class='ocrx_word' id='word_1_200' title='bbox 764 3000 872 3063; x_wconf 88' lang='lat' dir='ltr'>varias</span> <span class='ocrx_word' id='word_1_201' title='bbox 885 3020 1013 3075; x_wconf 85' lang='lat' dir='ltr'>causas,</span> <span class='ocrx_word' id='word_1_202' title='bbox 1030 3000 1090 3063; x_wconf 89' lang='lat' dir='ltr'>sed</span> <span class='ocrx_word' id='word_1_203' title='bbox 1103 2998 1194 3081; x_wconf 89' lang='lat' dir='ltr'>juste</span> <span class='ocrx_word' id='word_1_204' title='bbox 1207 3020 1215 3078; x_wconf 90' lang='lat'>;</span> 
     </span>
     <span class='ocr_line' id='line_1_27' title="bbox 111 3093 381 3157; baseline 0.007 -2"><span class='ocrx_word' id='word_1_205' title='bbox 111 3100 132 3155; x_wconf 91' lang='lat' dir='ltr'>t</span> <span class='ocrx_word' id='word_1_206' title='bbox 147 3093 229 3157; x_wconf 85' lang='lat' dir='ltr'>iacit</span> <span class='ocrx_word' id='word_1_207' title='bbox 244 3095 381 3157; x_wconf 92' lang='lat' dir='ltr'>bonum.</span> 
     </span>
    </p>

    <p class='ocr_par' dir='ltr' id='par_1_10' title="bbox 109 3183 1217 3363">
     <span class='ocr_line' id='line_1_28' title="bbox 160 3183 1217 3269; baseline -0.004 -17"><span class='ocrx_word' id='word_1_208' title='bbox 160 3186 311 3252; x_wconf 89' lang='lat' dir='ltr'>Colonus</span> <span class='ocrx_word' id='word_1_209' title='bbox 326 3188 417 3262; x_wconf 91' lang='lat' dir='ltr'>dicit,</span> <span class='ocrx_word' id='word_1_210' title='bbox 435 3187 512 3251; x_wconf 95' lang='lat' dir='ltr'>Non</span> <span class='ocrx_word' id='word_1_211' title='bbox 528 3187 607 3251; x_wconf 88' lang='lat' dir='ltr'>volo</span> <span class='ocrx_word' id='word_1_212' title='bbox 629 3187 738 3251; x_wconf 82' lang='lat' dir='ltr'>facere</span> <span class='ocrx_word' id='word_1_213' title='bbox 757 3207 842 3269; x_wconf 91' lang='lat' dir='ltr'>opus</span> <span class='ocrx_word' id='word_1_214' title='bbox 859 3187 920 3250; x_wconf 93' lang='lat' dir='ltr'>nisi</span> <span class='ocrx_word' id='word_1_215' title='bbox 940 3185 1030 3268; x_wconf 87' lang='lat' dir='ltr'>juste</span> <span class='ocrx_word' id='word_1_216' title='bbox 1052 3195 1088 3250; x_wconf 90' lang='lat' dir='ltr'>et</span> <span class='ocrx_word' id='word_1_217' title='bbox 1111 3183 1217 3249; x_wconf 88' lang='lat' dir='ltr'>fideli·</span> 
     </span>
     <span class='ocr_line' id='line_1_29' title="bbox 109 3280 586 3363; baseline 0.002 -20"><span class='ocrx_word' id='word_1_218' title='bbox 109 3297 170 3359; x_wconf 74' lang='lat' dir='ltr'>er;</span> <span class='ocrx_word' id='word_1_219' title='bbox 194 3282 240 3345; x_wconf 90' lang='lat' dir='ltr'>sic</span> <span class='ocrx_word' id='word_1_220' title='bbox 256 3280 336 3345; x_wconf 83' lang='lat' dir='ltr'>iacit</span> <span class='ocrx_word' id='word_1_221' title='bbox 352 3301 435 3363; x_wconf 89' lang='lat' dir='ltr'>opus</span> <span class='ocrx_word' id='word_1_222' title='bbox 451 3281 586 3345; x_wconf 89' lang='lat' dir='ltr'>bonum.</span> 
     </span>
    </p>

    <p class='ocr_par' dir='ltr' id='par_1_11' title="bbox 161 3372 1159 3454">
     <span class='ocr_line' id='line_1_30' title="bbox 161 3372 1159 3454; baseline -0.003 -16"><span class='ocrx_word' id='word_1_223' title='bbox 161 3375 217 3439; x_wconf 89' lang='lat' dir='ltr'>lta</span> <span class='ocrx_word' id='word_1_224' title='bbox 232 3375 266 3437; x_wconf 91' lang='lat' dir='ltr'>in</span> <span class='ocrx_word' id='word_1_225' title='bbox 282 3374 372 3438; x_wconf 89' lang='lat' dir='ltr'>mille</span> <span class='ocrx_word' id='word_1_226' title='bbox 388 3375 480 3454; x_wconf 89' lang='lat' dir='ltr'>aliis;</span> <span class='ocrx_word' id='word_1_227' title='bbox 504 3394 579 3438; x_wconf 90' lang='lat' dir='ltr'>cum</span> <span class='ocrx_word' id='word_1_228' title='bbox 596 3394 663 3438; x_wconf 93' lang='lat' dir='ltr'>non</span> <span class='ocrx_word' id='word_1_229' title='bbox 679 3374 758 3438; x_wconf 82' lang='lat' dir='ltr'>facit</span> <span class='ocrx_word' id='word_1_230' title='bbox 775 3373 911 3448; x_wconf 90' lang='lat' dir='ltr'>malum,</span> <span class='ocrx_word' id='word_1_231' title='bbox 928 3372 1008 3437; x_wconf 88' lang='lat' dir='ltr'>lacit</span> <span class='ocrx_word' id='word_1_232' title='bbox 1023 3373 1159 3436; x_wconf 91' lang='lat' dir='ltr'>bonum.</span> 
     </span>
    </p>

    <p class='ocr_par' dir='ltr' id='par_1_12' title="bbox 109 3466 1217 3626">
     <span class='ocr_line' id='line_1_31' title="bbox 162 3466 1217 3551; baseline -0.001 -20"><span class='ocrx_word' id='word_1_233' title='bbox 162 3467 276 3550; x_wconf 85' lang='lat' dir='ltr'>Quare</span> <span class='ocrx_word' id='word_1_234' title='bbox 292 3467 409 3550; x_wconf 85' lang='lat' dir='ltr'>regula</span> <span class='ocrx_word' id='word_1_235' title='bbox 423 3479 538 3550; x_wconf 90' lang='lat' dir='ltr'>potest</span> <span class='ocrx_word' id='word_1_236' title='bbox 554 3489 640 3545; x_wconf 86' lang='lat' dir='ltr'>esse,</span> <span class='ocrx_word' id='word_1_237' title='bbox 657 3468 746 3551; x_wconf 92' lang='lat' dir='ltr'>quod</span> <span class='ocrx_word' id='word_1_238' title='bbox 762 3467 876 3549; x_wconf 86' lang='lat' dir='ltr'>lugere</span> <span class='ocrx_word' id='word_1_239' title='bbox 892 3466 1019 3530; x_wconf 91' lang='lat' dir='ltr'>malum</span> <span class='ocrx_word' id='word_1_240' title='bbox 1035 3475 1072 3529; x_wconf 92' lang='lat' dir='ltr'>ut</span> <span class='ocrx_word' id='word_1_241' title='bbox 1095 3486 1217 3548; x_wconf 90' lang='lat' dir='ltr'>pecca·</span> 
     </span>
     <span class='ocr_line' id='line_1_32' title="bbox 109 3561 508 3626; baseline -0.003 0"><span class='ocrx_word' id='word_1_242' title='bbox 109 3581 172 3626; x_wconf 72' lang='lat' dir='ltr'>um</span> <span class='ocrx_word' id='word_1_243' title='bbox 188 3563 233 3626; x_wconf 91' lang='lat' dir='ltr'>sit</span> <span class='ocrx_word' id='word_1_244' title='bbox 248 3561 358 3625; x_wconf 82' lang='lat' dir='ltr'>lacere</span> <span class='ocrx_word' id='word_1_245' title='bbox 373 3563 508 3626; x_wconf 91' lang='lat' dir='ltr'>bonum.</span> 
     </span>
    </p>
   </div>
   <div class='ocr_carea' id='block_1_5' title="bbox 109 3746 1220 3885">
    <p class='ocr_par' dir='ltr' id='par_1_13' title="bbox 109 3746 1220 3885">
     <span class='ocr_line' id='line_1_33' title="bbox 109 3746 1220 3819; baseline -0.006 -12"><span class='ocrx_word' id='word_1_246' title='bbox 109 3783 114 3796; x_wconf 86' lang='lat'><em>·</em></span> <span class='ocrx_word' id='word_1_247' title='bbox 151 3750 224 3808; x_wconf 76' lang='lat' dir='ltr'>uuor</span> <span class='ocrx_word' id='word_1_248' title='bbox 239 3751 324 3819; x_wconf 78' lang='lat' dir='ltr'>qualis</span> <span class='ocrx_word' id='word_1_249' title='bbox 341 3755 384 3804; x_wconf 78' lang='lat' dir='ltr'>ost</span> <span class='ocrx_word' id='word_1_250' title='bbox 400 3751 508 3819; x_wconf 62' lang='lat' dir='ltr'>cognitio</span> <span class='ocrx_word' id='word_1_251' title='bbox 526 3755 554 3804; x_wconf 77' lang='lat' dir='ltr'>at</span> <span class='ocrx_word' id='word_1_252' title='bbox 569 3751 628 3804; x_wconf 78' lang='lat' dir='ltr'>inda</span> <span class='ocrx_word' id='word_1_253' title='bbox 645 3750 751 3803; x_wconf 76' lang='lat' dir='ltr'>ramotr&#39;o</span> <span class='ocrx_word' id='word_1_254' title='bbox 768 3748 831 3803; x_wconf 80' lang='lat' dir='ltr'>muli</span> <span class='ocrx_word' id='word_1_255' title='bbox 844 3764 893 3817; x_wconf 77' lang='lat' dir='ltr'>par</span> <span class='ocrx_word' id='word_1_256' title='bbox 907 3746 1097 3816; x_wconf 75' lang='lat' dir='ltr'>poenitentium,</span> <span class='ocrx_word' id='word_1_257' title='bbox 1114 3749 1167 3800; x_wconf 82' lang='lat' dir='ltr'>tulo</span> <span class='ocrx_word' id='word_1_258' title='bbox 1183 3748 1220 3800; x_wconf 79' lang='lat' dir='ltr'>sit</span> 
     </span>
     <span class='ocr_line' id='line_1_34' title="bbox 199 3817 590 3885; baseline -0.003 -15"><span class='ocrx_word' id='word_1_259' title='bbox 199 3817 291 3872; x_wconf 74' lang='lat' dir='ltr'>doum</span> <span class='ocrx_word' id='word_1_260' title='bbox 308 3819 376 3885; x_wconf 76' lang='lat' dir='ltr'>quod</span> <span class='ocrx_word' id='word_1_261' title='bbox 391 3823 434 3871; x_wconf 77' lang='lat' dir='ltr'>aot</span> <span class='ocrx_word' id='word_1_262' title='bbox 448 3817 590 3870; x_wconf 74' lang='lat' dir='ltr'>churimtr&#39;a.</span> 
     </span>
    </p>
   </div>
   <div class='ocr_carea' id='block_1_6' title="bbox 109 3936 1221 4495">
    <p class='ocr_par' dir='ltr' id='par_1_14' title="bbox 109 3936 1220 4214">
     <span class='ocr_line' id='line_1_35' title="bbox 164 3936 1220 4027; baseline -0.008 -19"><span class='ocrx_word' id='word_1_263' title='bbox 164 3944 268 4008; x_wconf 89' lang='lat' dir='ltr'>Prout</span> <span class='ocrx_word' id='word_1_264' title='bbox 283 3945 347 4008; x_wconf 90' lang='lat' dir='ltr'>scit</span> <span class='ocrx_word' id='word_1_265' title='bbox 363 3945 442 4027; x_wconf 92' lang='lat' dir='ltr'>quid</span> <span class='ocrx_word' id='word_1_266' title='bbox 458 3944 583 4007; x_wconf 91' lang='lat' dir='ltr'>malum</span> <span class='ocrx_word' id='word_1_267' title='bbox 604 3942 678 4025; x_wconf 89' lang='lat' dir='ltr'>plus</span> <span class='ocrx_word' id='word_1_268' title='bbox 699 3950 757 4006; x_wconf 87' lang='lat' dir='ltr'>aut</span> <span class='ocrx_word' id='word_1_269' title='bbox 774 3943 902 4019; x_wconf 89' lang='lat' dir='ltr'>minus;</span> <span class='ocrx_word' id='word_1_270' title='bbox 926 3948 1025 4023; x_wconf 90' lang='lat' dir='ltr'>prout</span> <span class='ocrx_word' id='word_1_271' title='bbox 1041 3939 1105 4003; x_wconf 91' lang='lat' dir='ltr'>scit</span> <span class='ocrx_word' id='word_1_272' title='bbox 1129 3936 1220 4001; x_wconf 89' lang='lat' dir='ltr'>mala</span> 
     </span>
     <span class='ocr_line' id='line_1_36' title="bbox 109 4033 1218 4120; baseline -0.006 -19"><span class='ocrx_word' id='word_1_273' title='bbox 109 4037 232 4102; x_wconf 83' lang='lat' dir='ltr'>delae</span> <span class='ocrx_word' id='word_1_274' title='bbox 256 4037 346 4101; x_wconf 91' lang='lat' dir='ltr'>mala</span> <span class='ocrx_word' id='word_1_275' title='bbox 360 4040 470 4115; x_wconf 91' lang='lat' dir='ltr'>vitae;</span> <span class='ocrx_word' id='word_1_276' title='bbox 493 4048 528 4102; x_wconf 88' lang='lat' dir='ltr'>et</span> <span class='ocrx_word' id='word_1_277' title='bbox 551 4037 721 4120; x_wconf 90' lang='lat' dir='ltr'>quomodo</span> <span class='ocrx_word' id='word_1_278' title='bbox 744 4037 877 4100; x_wconf 89' lang='lat' dir='ltr'>desistit</span> <span class='ocrx_word' id='word_1_279' title='bbox 892 4035 937 4098; x_wconf 91' lang='lat' dir='ltr'>ab</span> <span class='ocrx_word' id='word_1_280' title='bbox 950 4033 1035 4111; x_wconf 84' lang='lat' dir='ltr'>illis3</span> <span class='ocrx_word' id='word_1_281' title='bbox 1059 4042 1094 4096; x_wconf 92' lang='lat' dir='ltr'>et</span> <span class='ocrx_word' id='word_1_282' title='bbox 1113 4033 1218 4095; x_wconf 87' lang='lat' dir='ltr'>desis-</span> 
     </span>
     <span class='ocr_line' id='line_1_37' title="bbox 109 4123 1164 4214; baseline -0.009 -17"><span class='ocrx_word' id='word_1_283' title='bbox 109 4123 145 4197; x_wconf 79' lang='lat' dir='ltr'>it</span> <span class='ocrx_word' id='word_1_284' title='bbox 159 4130 204 4194; x_wconf 92' lang='lat' dir='ltr'>ab</span> <span class='ocrx_word' id='word_1_285' title='bbox 219 4131 283 4195; x_wconf 89' lang='lat' dir='ltr'>illis</span> <span class='ocrx_word' id='word_1_286' title='bbox 299 4133 384 4196; x_wconf 89' lang='lat' dir='ltr'>sicut</span> <span class='ocrx_word' id='word_1_287' title='bbox 401 4129 532 4214; x_wconf 66' lang='lat' dir='ltr'>spectat</span> <span class='ocrx_word' id='word_1_288' title='bbox 548 4132 590 4195; x_wconf 89' lang='lat' dir='ltr'>ad</span> <span class='ocrx_word' id='word_1_289' title='bbox 608 4131 800 4203; x_wconf 89' lang='lat' dir='ltr'>Dominum,</span> <span class='ocrx_word' id='word_1_290' title='bbox 816 4127 975 4192; x_wconf 86' lang='lat' dir='ltr'>et.credit</span> <span class='ocrx_word' id='word_1_291' title='bbox 991 4127 1024 4189; x_wconf 94' lang='lat' dir='ltr'>in</span> <span class='ocrx_word' id='word_1_292' title='bbox 1040 4126 1164 4207; x_wconf 90' lang='lat' dir='ltr'>Ipsum.</span> 
     </span>
    </p>

    <p class='ocr_par' dir='ltr' id='par_1_15' title="bbox 111 4217 1221 4401">
     <span class='ocr_line' id='line_1_38' title="bbox 166 4217 1221 4307; baseline -0.005 -20"><span class='ocrx_word' id='word_1_293' title='bbox 166 4223 337 4307; x_wconf 88' lang='lat' dir='ltr'>Exempla</span> <span class='ocrx_word' id='word_1_294' title='bbox 352 4236 494 4307; x_wconf 85' lang='lat' dir='ltr'>possunt</span> <span class='ocrx_word' id='word_1_295' title='bbox 510 4226 649 4289; x_wconf 88' lang='lat' dir='ltr'>docere:</span> <span class='ocrx_word' id='word_1_296' title='bbox 674 4243 752 4286; x_wconf 89' lang='lat' dir='ltr'>nam</span> <span class='ocrx_word' id='word_1_297' title='bbox 768 4222 845 4287; x_wconf 89' lang='lat' dir='ltr'>talis</span> <span class='ocrx_word' id='word_1_298' title='bbox 861 4230 913 4285; x_wconf 91' lang='lat' dir='ltr'>est</span> <span class='ocrx_word' id='word_1_299' title='bbox 935 4221 1036 4295; x_wconf 91' lang='lat' dir='ltr'>intus,</span> <span class='ocrx_word' id='word_1_300' title='bbox 1053 4239 1094 4283; x_wconf 93' lang='lat' dir='ltr'>eo</span> <span class='ocrx_word' id='word_1_301' title='bbox 1109 4217 1221 4299; x_wconf 85' lang='lat' dir='ltr'>purior</span> 
     </span>
     <span class='ocr_line' id='line_1_39' title="bbox 111 4315 996 4401; baseline -0.003 -22"><span class='ocrx_word' id='word_1_302' title='bbox 111 4326 170 4392; x_wconf 74' lang='lat' dir='ltr'>st,</span> <span class='ocrx_word' id='word_1_303' title='bbox 186 4318 317 4383; x_wconf 81' lang='lat' dir='ltr'>colons</span> <span class='ocrx_word' id='word_1_304' title='bbox 333 4318 479 4382; x_wconf 90' lang='lat' dir='ltr'>melioris</span> <span class='ocrx_word' id='word_1_305' title='bbox 494 4339 611 4401; x_wconf 90' lang='lat' dir='ltr'>aquae,</span> <span class='ocrx_word' id='word_1_306' title='bbox 628 4338 673 4381; x_wconf 88' lang='lat' dir='ltr'>ex</span> <span class='ocrx_word' id='word_1_307' title='bbox 689 4337 755 4400; x_wconf 86' lang='lat' dir='ltr'>quo</span> <span class='ocrx_word' id='word_1_308' title='bbox 772 4315 842 4378; x_wconf 86' lang='lat' dir='ltr'>nuit</span> <span class='ocrx_word' id='word_1_309' title='bbox 857 4315 996 4377; x_wconf 88' lang='lat' dir='ltr'>bonum.</span> 
     </span>
    </p>

    <p class='ocr_par' dir='ltr' id='par_1_16' title="bbox 168 4403 1220 4495">
     <span class='ocr_line' id='line_1_40' title="bbox 168 4403 1220 4495; baseline -0.009 -19"><span class='ocrx_word' id='word_1_310' title='bbox 168 4409 293 4489; x_wconf 86' lang='lat' dir='ltr'>Verbo,</span> <span class='ocrx_word' id='word_1_311' title='bbox 307 4413 341 4475; x_wconf 90' lang='lat' dir='ltr'>in</span> <span class='ocrx_word' id='word_1_312' title='bbox 353 4412 451 4476; x_wconf 91' lang='lat' dir='ltr'>simili</span> <span class='ocrx_word' id='word_1_313' title='bbox 463 4413 570 4495; x_wconf 86' lang='lat' dir='ltr'>gradu</span> <span class='ocrx_word' id='word_1_314' title='bbox 586 4421 621 4475; x_wconf 88' lang='lat' dir='ltr'>et</span> <span class='ocrx_word' id='word_1_315' title='bbox 636 4411 669 4474; x_wconf 94' lang='lat' dir='ltr'>in</span> <span class='ocrx_word' id='word_1_316' title='bbox 685 4409 786 4474; x_wconf 92' lang='lat' dir='ltr'>simili</span> <span class='ocrx_word' id='word_1_317' title='bbox 798 4407 963 4491; x_wconf 84' lang='lat' dir='ltr'>qualitate</span> <span class='ocrx_word' id='word_1_318' title='bbox 976 4405 1079 4471; x_wconf 89' lang='lat' dir='ltr'>cuivis</span> <span class='ocrx_word' id='word_1_319' title='bbox 1094 4403 1220 4467; x_wconf 88' lang='lat' dir='ltr'>bonum</span> 
     </span>
    </p>
   </div>
   <div class='ocr_carea' id='block_1_7' title="bbox 0 0 1395 5040">
    <p class='ocr_par' dir='ltr' id='par_1_17' title="bbox 0 0 1395 5040">
     <span class='ocr_line' id='line_1_41' title="bbox 0 0 1395 5040; baseline 0 0"><span class='ocrx_word' id='word_1_320' title='bbox 0 0 1395 5040; x_wconf 95' lang='lat' dir='ltr'> </span> 
     </span>
    </p>
   </div>
  </div>
 </body>
</html>
