2776 5040
144 458 187 543 96
615 470 788 524 conotus.

145 644 294 728 nascitur
316 660 392 705 cum
422 639 583 705 instinctu
606 642 693 706 sicut
721 642 871 721 bestiae;
902 664 1007 727 quare
1034 645 1146 728 pullus
1170 645 1252 708 unius

144 736 210 801 diei
228 735 304 819 plus
324 737 418 799 novit
437 756 516 800 suae
535 738 626 801 vitae
645 737 798 819 ordinem
817 757 918 822 quam
937 739 1059 802 infans.

211 929 292 1014 (51.)
324 929 425 1012 Quod
442 930 543 994 liceat
555 931 754 996 confirmare
766 933 929 997 veritates
945 933 1126 999 Ecclesiae
1138 936 1255 999 ratione

144 1045 204 1090 seu
219 1022 395 1088 intellectu
408 1035 571 1108 quantum
584 1025 677 1099 libet,
691 1037 726 1090 et
739 1047 872 1110 quoque
888 1048 948 1109 per
960 1031 1053 1092 varia
1069 1031 1103 1092 in
1118 1029 1256 1107 Natura,

145 1129 180 1183 et
203 1119 294 1202 quod
317 1129 481 1203 quantum
505 1118 746 1183 confirmantur
769 1131 902 1184 tantum
926 1123 1134 1197 radicentur,
1154 1144 1192 1187 ac
1213 1125 1256 1186 lu-

144 1223 255 1277 ceant.
300 1213 347 1278 Et
366 1234 500 1297 quoque
520 1212 599 1278 licet
618 1212 817 1277 confirmare
837 1216 1002 1279 veritates
1022 1237 1082 1299 per
1102 1216 1256 1290 Verbum,

144 1307 331 1391 ubicunque
349 1308 473 1391 placet,
493 1318 528 1372 et
547 1329 680 1393 quoque
697 1309 793 1391 plura
811 1309 890 1372 inde
908 1309 1101 1392 applicare;
1126 1322 1163 1374 et
1185 1321 1257 1374 tunc

146 1401 298 1466 Verbum
320 1422 388 1467 non
412 1400 616 1467 falsificatur.
662 1402 856 1486 Scripturae
874 1401 976 1479 dicta,
996 1425 1057 1487 per
1075 1426 1164 1488 quae
1181 1405 1258 1468 veri·

145 1506 235 1561 tates
254 1494 506 1573 confirmantur,
523 1498 711 1562 ascendunt
730 1500 763 1561 in
779 1497 930 1577 caelum;
954 1509 1033 1562 sunt
1053 1501 1143 1563 sicut
1160 1500 1259 1563 sumus

144 1612 189 1655 ex
199 1592 316 1656 thure:
333 1592 479 1655 vicissim
487 1603 601 1656 autem
611 1592 787 1667 falsitates,
797 1594 823 1656 si
832 1592 1129 1658 confirmanturex
1139 1593 1258 1669 Verbo,

143 1705 211 1750 non
235 1686 424 1750 ascendunt
448 1687 481 1749 in
505 1686 648 1761 caelum,
672 1688 731 1750 sed
756 1684 984 1769 ¹¹¹rejiciuntur,
1005 1699 1041 1752 et
1065 1689 1100 1751 in
1119 1690 1175 1752 via
1197 1689 1258 1753 dis·

144 1791 325 1864 cerpuntur
344 1800 419 1844 cum
438 1780 592 1863 fragore3
615 1782 703 1845 hunc
724 1783 845 1846 millies
863 1784 984 1846 audivi.

209 1975 290 2060 (52.)
323 1975 424 2058 Quod
437 1975 665 2039 manifestatio
677 1976 814 2039 Domini
830 1986 866 2040 et
882 1975 1045 2042 immissio
1057 1979 1092 2042 in
1105 1979 1262 2044 mundum

142 2070 350 2153 spiritualem
374 2080 524 2152 praestet
547 2071 703 2133 omnibus
727 2069 905 2134 miraculis.
964 2072 1043 2135 Hoc
1072 2095 1141 2137 non
1169 2074 1261 2138 alicui

143 2167 261 2230 datum
292 2175 345 2229 est
375 2164 660 2248 quemadmodum
691 2166 782 2240 mihi,
810 2186 830 2228 a
860 2169 1044 2231 creatione.
1101 2168 1262 2233 Homines

142 2262 232 2325 aurei
250 2260 375 2324 saeculi
393 2259 528 2343 quidem
547 2260 652 2324 locuti
671 2271 750 2324 sunt
769 2281 845 2324 cum
861 2262 1014 2343 angelis;
1038 2264 1100 2326 sed
1121 2284 1189 2327 non
1204 2264 1261 2327 da·

144 2366 215 2419 tum
234 2364 288 2418 est
307 2354 371 2418 illis
390 2355 424 2417 in
442 2355 508 2418 alia
527 2354 601 2418 luce
621 2375 721 2438 quam
737 2352 910 2419 ¹¹¹naturali
930 2377 1025 2436 esse;
1049 2358 1132 2421 mihi
1151 2367 1260 2422 autem

143 2452 176 2514 in
196 2461 337 2532 utraque
356 2447 454 2512 simul
474 2449 636 2531 spirituali
655 2460 690 2513 et
710 2450 864 2513 naturali.
910 2452 971 2514 Per
987 2451 1052 2514 hoc
1073 2453 1192 2516 datum
1210 2462 1260 2517 est

143 2545 222 2608 mihi
249 2546 363 2607 videre
394 2543 557 2605 mirabilia
584 2544 678 2616 caeli,
706 2545 869 2607 interesse
900 2546 1032 2626 angelis
1063 2549 1150 2612 sicut
1181 2569 1260 2623 unus

141 2661 185 2703 ex
206 2639 281 2712 illis,
301 2650 335 2702 et
355 2638 451 2700 simul
476 2638 606 2700 haurire
622 2639 783 2701 veritates
803 2641 835 2700 in
856 2639 939 2713 luce,
960 2651 995 2702 et
1020 2642 1066 2703 sic
1088 2644 1257 2725 percipere

140 2743 175 2796 et
195 2733 317 2795 docere
336 2732 429 2810 illas;
454 2733 593 2814 proinde
609 2733 684 2795 duci
704 2755 722 2795 a
743 2734 898 2796 Domino
946 2733 1047 2815 Quod
1064 2748 1180 2800 autem
1200 2740 1257 2800 rni-

142 2828 255 2890 racula
271 2828 396 2890 attinet
408 2827 525 2890 :-Illa
542 2848 609 2889 non
626 2828 715 2890 aliud
733 2828 841 2890 forent
858 2849 957 2909 quam
976 2828 1086 2912 laquei
1104 2832 1147 2893 ad
1163 2833 1258 2894 sedu-

140 2923 295 2996 cendum,
310 2923 395 2985 sicut
409 2923 573 2984 Dominus
587 2924 679 2995 dicit,
692 2923 791 2985 Mart.
807 2924 900 2985 xxiv.
914 2940 973 3001 24;
998 2934 1033 2987 et
1047 2927 1094 2987 sic
1110 2937 1258 2989 narratur

141 3018 182 3079 de
203 3015 340 3079 Simone
361 3017 483 3098 Mago,¹

188 3167 266 3230 Quod
285 3167 480 3215 dementaverit
492 3177 586 3228 gentes
601 3167 627 3215 in
641 3167 768 3224 Samaria,
784 3169 827 3231 qui
840 3168 1009 3218 crediderunt
1021 3170 1069 3219 illa
1081 3168 1154 3220 ladla
1165 3186 1198 3220 ex
1210 3171 1259 3220 vir·

269 3243 324 3281 tute
339 3233 388 3280 Dei
401 3248 500 3293 magna
512 3233 582 3293 (Aa,
593 3236 680 3295 Apost.
692 3234 745 3281 viii.
758 3249 780 3294 9,
796 3238 872 3296 seq.).

138 3385 227 3467 Quid
247 3387 406 3449 miracula
425 3388 513 3468 apud
534 3388 684 3469 Papaeos
703 3388 793 3450 aliud
813 3409 913 3469 quam
934 3389 1044 3471 laquei
1064 3399 1099 3453 et
1120 3392 1254 3473 decipu-

137 3482 212 3544 lae?
257 3480 347 3562 Quid
368 3483 493 3545 docent
513 3482 603 3544 aliud
623 3504 722 3564 quam
744 3494 779 3545 ut
800 3482 955 3545 colantur
970 3485 1033 3565 ipsi
1053 3496 1090 3547 ut
1111 3488 1254 3560 numina,

136 3597 175 3639 ac
193 3586 229 3638 ut
242 3577 404 3639 recedant
421 3597 440 3639 a
454 3577 546 3639 cultu
561 3577 719 3639 Domini?
765 3578 854 3639 Num
868 3577 1046 3640 simulacra
1060 3580 1256 3642 miraculosa

136 3671 226 3733 aliud
246 3672 394 3734 iaciunt?
432 3671 519 3734 Num
544 3672 635 3734 idola
653 3684 710 3735 aut
731 3675 896 3735 cadavera
915 3670 1111 3736 sandtorum
1131 3676 1165 3737 in
1184 3684 1256 3737 toto

136 3766 291 3847 Papismo
315 3766 404 3828 aliud
416 3765 617 3828 ?-Antonii
642 3767 787 3840 Paduae,
810 3769 910 3830 trium
935 3766 1136 3849 Sapientum
1157 3768 1254 3832 Colo·

136 3861 221 3933 niae,
242 3872 277 3922 et
301 3861 449 3922 omniurn
469 3860 681 3942 reliquorum,
702 3881 842 3943 quorum
867 3862 1027 3924 miracula
1051 3862 1254 3926 monasteria

135 3954 299 4036 opplent?
345 3952 434 4034 Quid
459 3954 515 4016 illa
540 3956 727 4018 docuerunt
751 3957 793 4019 de
814 3956 973 4019 Christo?
996 3959 1076 4039 quid
1101 3960 1145 4022 de
1164 3957 1254 4021 caelo

135 4051 243 4132 deque
262 4050 333 4111 vita
351 4050 512 4111 aeterna?
558 4049 636 4112 Non
657 4071 758 4113 unum
777 4051 990 4114 vocabulum.

199 4244 280 4326 (53.)
313 4243 413 4325 Quod
433 4244 639 4325 impossibile
655 4246 698 4308 sit
716 4257 751 4307 ut
768 4246 879 4328 aliqua
896 4245 1053 4310 Ecclesia
1068 4249 1123 4320 sit,
1141 4260 1176 4311 et
1193 4247 1252 4311 ali·

135 4360 198 4419 qua
214 4341 332 4421 religio
349 4361 434 4421 quae
451 4341 622 4414 cohaeret,
638 4341 698 4402 nisi
715 4342 871 4403 credatur
885 4362 968 4403 unus
985 4342 1089 4405 Deus.
1125 4343 1249 4406 Conse·

133 4446 275 4518 quenter
306 4435 440 4516 quando
468 4435 591 4497 Divina
619 4435 768 4498 Trinitas
798 4436 904 4499 divisa
931 4438 964 4498 in
990 4446 1060 4499 tres
1090 4438 1250 4501 Personae
