2776 5040
322 535 371 586 ur
393 534 477 601 aJus
499 534 698 588 nocturna
720 536 994 588 enatasti-N.
1012 523 1064 605 46.
1213 538 1253 608 37

135 704 223 768 male
246 703 313 768 illis
336 703 422 778 vult,
446 714 528 768 tunc
552 705 685 786 cogitat
708 715 744 770 et
767 706 841 769 vult
867 707 911 769 ab
937 707 1072 771 interno
1095 706 1251 783 naturali,

133 800 209 882 quia
225 821 271 862 ex
289 798 356 862 fide
371 798 445 861 salsi
461 809 497 862 et
512 820 557 862 ex
574 819 689 864 amore
706 800 796 876 mali,
811 801 859 864 ita
875 822 920 865 ex
935 801 1075 865 inferno.
1120 800 1250 877 Verbo,

132 902 298 976 quantum
314 893 418 956 homo
433 895 467 956 in
483 913 598 956 amore
610 895 644 956 in
661 894 845 958 Dominum
861 905 925 970 est,
939 904 975 959 et
991 896 1024 958 in
1041 915 1157 959 amore
1170 915 1253 978 erga

132 988 327 1070 proximum
350 998 414 1060 est,
435 997 570 1051 tanturn
593 989 627 1050 in
650 988 785 1051 interno
808 988 972 1071 spirituali
995 998 1059 1062 est,
1080 998 1116 1053 et
1139 1010 1184 1052 ex
1208 1006 1251 1052 eo

133 1083 266 1163 cogitat
283 1091 318 1146 et
334 1081 419 1156 vult,
439 1092 473 1144 et
490 1102 623 1164 quoque
640 1102 683 1145 ex
701 1103 743 1145 eo
759 1081 907 1165 loquitur
919 1092 954 1146 et
970 1082 1070 1160 sacit;
1090 1092 1127 1147 at
1144 1102 1251 1166 quan·

132 1185 206 1239 tum
226 1175 331 1239 homo
349 1177 383 1239 in
402 1196 517 1239 amore
536 1177 585 1239 sui
602 1185 667 1248 est.
684 1188 719 1239 et
736 1177 769 1239 in
788 1196 903 1240 amore
920 1176 1046 1249 mundi,
1066 1186 1201 1242 tantum
1217 1178 1251 1241 in

131 1271 269 1333 interno
288 1269 432 1333 naturali
451 1280 515 1344 est,
529 1280 565 1333 et
583 1290 628 1333 ex
644 1291 686 1334 eo
701 1272 835 1352 cogitat
854 1280 889 1335 et
902 1270 987 1345 vult,
1000 1280 1037 1336 et
1055 1291 1189 1354 quoque
1205 1293 1251 1337 ex

132 1384 174 1427 eo
192 1364 341 1447 loquitur
356 1373 392 1428 et
408 1364 498 1427 sacit.

192 1475 265 1543 43.
293 1460 348 1522 Ita
364 1460 536 1541 provisum
552 1468 588 1522 et
600 1460 796 1522 ordinatum
813 1469 867 1523 est
882 1480 902 1523 a
918 1458 1080 1534 Domin0‚
1094 1470 1132 1525 ut
1144 1481 1252 1543 quan·

133 1561 207 1616 tum
232 1552 337 1615 horno
359 1572 405 1615 ex
428 1551 525 1615 caelo
547 1552 681 1632 ‘cogitat
704 1562 740 1615 et
759 1551 845 1626 vult,
863 1561 999 1615 tantum
1023 1555 1194 1634 aperiatur
1216 1565 1252 1618 et

133 1646 297 1709 formetur
313 1647 466 1709 internus
482 1645 664 1728 spiritualis
683 1645 807 1723 homo;
831 1647 975 1729 aperitio
993 1657 1047 1710 est
1066 1648 1099 1709 in
1119 1647 1253 1720 caelum

134 1740 307 1822 usquead
331 1738 527 1814 Dominum,
551 1750 586 1804 et
608 1739 767 1803 formatio
790 1751 843 1804 est
866 1741 1052 1805 secundum
1079 1740 1139 1804 illa
1167 1762 1253 1824 quae

134 1835 221 1898 caeli
240 1844 337 1898 sunt:
362 1835 436 1897 vice
449 1854 547 1897 versa
562 1843 687 1906 autern,
702 1844 866 1915 quantum
886 1834 991 1897 homo
1010 1855 1078 1897 non
1094 1856 1140 1898 ex
1156 1835 1253 1898 caelo

135 1930 195 1992 sed
218 1950 264 1992 ex
288 1929 416 1992 mundo
439 1930 572 2010 cogitat
595 1938 631 1992 et
653 1928 738 2003 vult,
756 1937 890 1992 tantum
915 1930 1083 1993 clauditur
1100 1931 1254 1994 internus

136 2023 321 2106 spiritualis
349 2023 465 2096 homo,
496 2032 532 2087 et
562 2033 727 2085 externus
755 2024 924 2105 aperitur;
959 2025 1103 2106 aperitio
1136 2033 1190 2088 est
1219 2024 1253 2087 in

136 2119 310 2192 mundum,
328 2127 364 2181 et
383 2118 541 2180 formatio
559 2127 612 2179 est
631 2117 675 2179 ad
695 2117 753 2179 illa
769 2139 854 2200 quae
872 2119 987 2181 mundi
1007 2128 1096 2183 sunt.

193 2229 268 2297 44.
296 2213 352 2276 llli
373 2214 463 2295 apud
490 2234 576 2295 quos
596 2214 751 2276 internus
779 2213 963 2296 spiritualis
987 2215 1092 2277 homo
1113 2223 1254 2296 apertus

135 2315 188 2369 est
207 2308 241 2369 in
261 2306 394 2369 caelum
413 2306 456 2368 ad
476 2305 672 2379 Dominum,
692 2307 725 2368 in
750 2305 824 2369 luce
843 2306 928 2370 caeli
952 2317 1043 2381 sunt,
1064 2317 1099 2370 et
1124 2308 1156 2369 in
1176 2306 1253 2369 illu·

136 2400 323 2463 minatione
342 2420 362 2463 a
381 2399 541 2474 Domin0‚
559 2410 594 2463 et
612 2400 691 2464 inde
710 2400 743 2462 in
763 2399 993 2482 intelligentia
1012 2409 1047 2463 et
1067 2402 1234 2483 sapientia
1245 2422 1253 2479 ;

136 2494 170 2557 hi
193 2495 313 2559 vident
337 2515 453 2559 verum
481 2495 558 2578 quia
581 2515 710 2569 verum,
735 2506 770 2559 et
802 2495 992 2578 percipiunt
1020 2495 1147 2559 bonum
1177 2496 1256 2579 quia

136 2588 273 2652 bonurn.
330 2589 384 2651 llli
407 2599 523 2652 autem
549 2590 638 2672 apud
661 2610 746 2671 quos
769 2590 922 2652 internus
944 2589 1127 2670 spiritualis
1150 2590 1255 2654 horno

137 2683 270 2746 clausus
289 2693 353 2757 est,
371 2704 439 2746 non
456 2685 568 2747 sciunt
584 2685 673 2767 quod
690 2685 843 2747 internus
859 2684 964 2746 homo
979 2684 1035 2760 sit,
1049 2685 1159 2747 minus
1175 2685 1255 2767 quid

138 2776 289 2842 internus
305 2777 430 2856 h0m0;
455 2798 516 2841 nec
541 2779 684 2843 credunt
709 2778 799 2861 quod
822 2778 983 2841 Divinum
1007 2779 1061 2853 sit,
1082 2797 1145 2842 nec
1164 2779 1255 2860 quod

137 2873 207 2935 vita
226 2882 306 2954 post
323 2884 480 2948 mortem,
494 2874 543 2935 ita
559 2893 620 2936 nec
641 2873 699 2935 illa
715 2893 801 2955 quae
818 2872 903 2935 caeli
922 2883 957 2936 et
973 2873 1138 2936 ecclesiae
1154 2883 1253 2936 sunt:

138 2977 172 3029 et
188 2968 266 3049 quia
285 2967 395 3029 solum
414 2968 447 3030 in
467 2967 541 3030 luce
560 2969 675 3030 mundi
692 2976 782 3041 sunt,
797 2977 832 3030 et
849 2968 881 3028 in
901 2966 1148 3030 illuminatione
1164 2967 1255 3042 inde,

138 3063 281 3125 credunt
300 3060 467 3124 Naturam
491 3071 527 3124 ut
551 3061 723 3135 Divinum,
740 3061 858 3125 vident
876 3060 997 3124 falsum
1016 3071 1054 3124 ut
1072 3080 1200 3137 verum,
1219 3069 1256 3125 et

138 3156 328 3238 percipiunt
348 3155 473 3218 malurn
491 3166 527 3218 ut
544 3156 683 3218 bonum.

195 3266 268 3334 45.
300 3250 475 3314 Sensualis
504 3250 610 3313 homo
641 3251 775 3327 dicitur,
798 3249 892 3332 cujus
923 3250 1095 3313 internum
1118 3257 1256 3314 tantum

137 3352 190 3408 est
207 3354 389 3407 externum
407 3353 443 3406 ut
463 3343 544 3406 nihil
562 3344 680 3407 credat
697 3344 759 3406 nisi
775 3343 866 3426 quod
885 3352 1001 3424 potest
1018 3342 1124 3406 oculis
1140 3343 1256 3407 videre

137 3447 173 3503 et
200 3438 356 3500 manibus
378 3447 540 3518 tangere:
569 3438 597 3499 is
615 3447 669 3501 est
692 3436 805 3500 infime
830 3437 994 3500 naturalis
1023 3437 1137 3512 homo,
1162 3437 1256 3500 etin

136 3531 280 3595 fallaciis
299 3531 341 3595 de
358 3532 514 3594 omnibus
530 3552 617 3614 quae
633 3530 710 3594 fidei
727 3531 893 3596 ecclesiae
910 3541 1000 3593 sunt.

195 3632 271 3714 46.
302 3631 480 3694 Internum
503 3641 539 3694 et
561 3641 756 3704 externum,
773 3630 816 3692 de
838 3629 959 3712 quibus
980 3627 1095 3692 atium
1117 3638 1182 3703 est,
1201 3638 1256 3692 est

137 3724 308 3788 internum
332 3733 367 3787 et
391 3733 573 3785 externum
599 3724 735 3805 spiritus
758 3722 927 3799 hominis;
955 3741 1078 3804 corpus
1100 3721 1171 3804 ejus
1201 3732 1255 3785 est

138 3820 242 3882 modo
272 3826 454 3882 externum
481 3817 748 3898 superadditum,
768 3816 858 3879 intra
885 3817 975 3898 quod
999 3816 1058 3879 illa
1080 3816 1255 3880 existunt:

138 3934 260 3996 corpus
276 3913 366 3975 enim
387 3911 469 3974 nihil
488 3932 533 3974 ex
552 3932 588 3974 se
607 3912 691 3993 agit,
705 3911 765 3973 sed
782 3931 826 3973 ex
843 3930 906 3972 suo
924 3911 1042 3991 spiritu
1061 3910 1117 3992 qui
1136 3911 1169 3972 in
1186 3908 1256 3972 illo.

138 4007 321 4073 Sciendum
351 4015 404 4070 est
431 4006 521 4087 quod
548 4005 685 4087 spiritus
714 4003 862 4067 hominis
892 4014 971 4085 post
1001 4002 1207 4066 solutionem
1237 4023 1258 4066 a

138 4123 278 4186 corpore
291 4121 399 4182 aeque
418 4100 550 4180 cogitet
567 4109 601 4163 et
617 4098 712 4171 velit,
726 4117 765 4162 ac
783 4098 942 4180 loquatur
958 4107 993 4161 et
1013 4096 1137 4175 faciat3
1161 4096 1257 4177 cogi·

140 4208 212 4262 tare
229 4207 267 4261 et
285 4194 375 4259 velle
394 4204 447 4258 est
466 4193 536 4276 ejus
559 4194 740 4268 internum,
761 4211 801 4256 ac
822 4192 914 4274 loqui
933 4202 969 4255 et
985 4191 1094 4254 lacere
1113 4199 1167 4254 est
1186 4189 1257 4270 ejus

140 4298 333 4352 externum.
387 4301 437 4360 (De
457 4314 507 4359 quo
521 4300 630 4347 videatur
642 4299 667 4346 ln
684 4313 757 4359 opere
776 4300 813 4346 Da
832 4300 901 4346 Caelo
919 4297 953 4358 [et
972 4297 1088 4359 Inserno]‚
1102 4311 1126 4343 n.
1143 4306 1249 4356 234-245

142 4383 249 4443 vis-27⁵·
264 4396 380 4444 4³2·⁴4⁴·
394 4381 521 4441 ⁴⁵3-484l
