2776 5040
311 477 360 528 ar
383 477 980 545 EJUs·1>00TR1NAanLEsr1.-·N.
1002 482 1051 549 34
1196 483 1235 549 3¹

122 657 240 729 potest
263 668 310 712 ex
336 648 402 711 illis
424 669 511 731 quae
533 649 577 713 de
602 649 693 712 bono
719 658 755 713 et
781 670 863 714 vero
884 670 985 732 supra
1007 649 1119 714 allata·
1136 660 1237 729 sunt;

122 743 213 824 quod
233 762 358 824 nempe
373 745 460 807 sicut
479 744 605 807 bonum
624 753 678 808 est
696 744 805 826 ipsum
823 764 899 808 esse
917 746 975 819 rei,
993 765 1032 808 ac
1048 763 1164 808 verum
1184 755 1238 808 est

121 838 273 900 existere
285 837 332 900 rei
348 837 436 913 inde,
447 836 496 901 ita
507 836 668 901 voluntas
679 838 769 919 apud
785 838 956 902 hominem
966 847 1024 902 est
1039 839 1148 920 ipsum
1161 859 1238 902 esse

119 931 212 995 vitae
236 930 318 1012 ejus,
338 951 378 994 ac
401 929 597 995 intellet'tus
618 932 770 996 existere
787 933 879 996 vitae
902 933 991 1008 inde,
1011 951 1092 996 nam
1110 933 1237 1001 bonurn

120 1024 213 1105 quod
230 1033 284 1088 est
304 1024 492 1089 voluntatis
510 1045 547 1089 se
565 1025 599 1088 in
618 1022 794 1089 intelledtu
810 1025 935 1091 format
953 1037 989 1090 et
1008 1027 1099 1091 sistit
1117 1026 1236 1090 viden·

120 1118 212 1182 dum.

178 1225 251 1292 33·
279 1210 353 1273 Illis
377 1210 433 1293 qui
459 1210 493 1272 in
515 1210 608 1273 bono
631 1219 668 1274 et
689 1231 772 1274 vero
795 1220 888 1287 sunt,
907 1221 987 1276 suut
1012 1211 1175 1275 voluntas
1200 1221 1237 1276 et

119 1303 337 1384 intellectum
370 1315 407 1370 at
429 1306 496 1369 illis
519 1307 575 1389 qui
598 1306 631 1368 in
659 1305 752 1370 malo
774 1316 810 1371 et
834 1306 922 1370 lalso
946 1317 1037 1383 sunt,
1061 1327 1131 1371 non
1157 1317 1238 1372 sunt

119 1400 281 1464 voluntas
300 1411 336 1464 et
354 1397 565 1475 intelled'tus,
585 1402 645 1464 sed
665 1399 925 1483 provoluntate
944 1401 1010 1464 illis
1028 1410 1082 1465 est
1100 1401 1235 1485 cupido,

119 1504 156 1558 et
174 1514 237 1576 pro
255 1493 432 1558 intellectu
451 1504 504 1557 est
523 1494 685 1558 scientia:
710 1493 870 1558 voluntas
888 1495 979 1558 enim
993 1515 1072 1558 vere
1088 1492 1238 1559 humana

119 1597 174 1652 est
196 1587 452 1671 receptaculum
475 1589 566 1663 boni,
586 1606 625 1651 ac
649 1585 844 1652 intellel’tus
867 1588 1121 1671 receptaculum
1143 1589 1236 1665 veri;

119 1703 223 1765 quare
239 1681 399 1745 voluntas
419 1701 486 1745 non
506 1682 571 1745 dici
588 1691 704 1765 potest
723 1681 765 1746 de
782 1680 885 1757 malo,
903 1701 964 1746 nec
984 1678 1179 1746 intelleftus
1195 1682 1237 1746 de

116 1776 217 1851 falso,
238 1778 315 1859 quia
334 1778 494 1858 opposita
516 1787 607 1851 sunt,
625 1786 661 1841 et
680 1777 875 1859 oppositum
895 1775 1063 1854 destruit;
1086 1776 1164 1840 inde
1183 1786 1237 1841 est

116 1871 212 1955 'quod
231 1870 336 1934 homo
354 1873 410 1952 qui
433 1871 466 1934 in
490 1871 582 1934 malo
604 1881 640 1934 et
663 1871 742 1934 inde
760 1871 846 1934 salso
865 1880 930 1945 est,
948 1889 1016 1933 non
1040 1870 1106 1934 dici
1129 1872 1237 1953 possit

117 1964 307 2040 rationalis,
321 1966 456 2046 sapiens
471 1972 506 2029 et
523 1965 739 2047 intelligens:
762 1967 867 2029 etiam
883 1965 972 2046 apud
993 1964 1101 2029 malos
1120 1964 1236 2028 clausa

118 2067 200 2120 sunt
219 2058 380 2121 interiora
398 2080 485 2142 quae
504 2061 629 2123 mentis
647 2069 739 2134 sunt,
759 2060 816 2123 ubi
834 2059 1067 2143 principaliter
1085 2059 1237 2123 resident

117 2150 282 2244 uoluntas
305 2163 341 2216 et
364 2151 569 2218 intelledtus.
614 2153 772 2219 Creditur
790 2155 878 2217 sicut
898 2153 1058 2216 voluntas
1080 2164 1116 2217 et
1135 2153 1237 2217 intel·

118 2243 230 2309 lellus
253 2247 352 2310 malis
374 2249 478 2312 etiam
501 2249 582 2322 sint,
601 2248 679 2331 quia
701 2248 820 2312 dicunt
843 2246 935 2330 quod
958 2246 1066 2312 velint
1089 2255 1125 2311 et
1146 2246 1238 2330 quod

117 2340 337 2422 intelligant;
361 2342 421 2404 sed
441 2341 529 2404 velle
552 2362 668 2406 eorum
692 2351 746 2406 est
766 2341 869 2406 modo
892 2360 1026 2424 cupere,
1046 2360 1086 2404 ae
1109 2341 1237 2405 intelli·

115 2455 200 2518 gere
217 2456 334 2500 eorum
350 2446 404 2500 est
421 2436 524 2500 modo
540 2438 636 2500 scire.

522 2669 838 2724 (mmmmm)

170 2784 234 2846 34.
260 2771 350 2844 Quod
359 2787 430 2827 vera
438 2771 602 2842 spiritualia
615 2786 675 2825 nou
685 2770 897 2842 comprehendi
912 2770 1028 2841 possint
1040 2768 1096 2827 nlsi
1109 2785 1238 2842 sequen-

116 2852 159 2909 tia
171 2853 259 2909 haec·
267 2852 455 2908 Unr'versalia
469 2851 601 2907 sciantur
609 2868 651 2905 :-

324 2968 361 3031 (ἰ.)
385 2969 461 3032 Quod
468 2968 556 3018 omnia
570 2967 600 3018 in
614 2967 734 3018 universo
746 2983 773 3017 se
785 2966 901 3033 reserant
912 2968 949 3018 ad
960 2967 1055 3018 loreum
1067 2972 1093 3016 et
1104 2983 1202 3027 mrum,
1214 2973 1241 3018 et

446 3036 482 3083 ad
495 3034 697 3098 conjunttmnem
719 3034 864 3097 utriusque,
882 3039 913 3081 ut
932 3033 988 3082 sint
1002 3030 1109 3097 aliquid
1110 3049 1125 3094 ,·
1149 3033 1188 3083 t'ta
1204 3034 1242 3084 ad

445 3114 555 3149 amorem
565 3098 688 3162 etfidenr,
698 3104 820 3149 eteorum
831 3099 1042 3162 conjuntlccneur.

311 3173 358 3237 (it)
382 3174 457 3236 Quod
466 3174 539 3239 apud
551 3173 675 3224 hominem
689 3173 727 3224 sit
738 3174 858 3223 wluntas
870 3179 896 3222 ct
910 3172 1061 3236 intellectus,
1073 3179 1100 3225 et
1113 3174 1183 3238 quod
1197 3189 1239 3223 vc·

446 3240 534 3290 luntas
543 3239 581 3289 cit
590 3239 771 3304 receptaculum
784 3237 851 3297 loni.
862 3254 893 3288 ac
903 3237 1047 3290 intellectus
1055 3239 1238 3305 receptaculum

446 3306 501 3354 veri
513 3310 539 3353 et
549 3305 618 3369 quod
628 3303 716 3354 omnia
732 3304 770 3353 ad
779 3303 841 3354 binc
855 3303 904 3353 llla
915 3305 988 3369 apud
998 3304 1126 3355 hominm
1139 3303 1239 3368 serese-

444 3376 512 3429 mnt,
519 3376 545 3418 et
553 3370 591 3419 ad
597 3369 801 3435 conjuncturum
809 3369 922 3428 illorum,
929 3368 1090 3420 sicutmm'a
1100 3369 1138 3418 ad
1145 3368 1238 3419 bonum

444 3441 470 3484 et
480 3451 568 3484 vnum
582 3451 708 3484 actorum
720 3433 932 3500 conjunctim.

306 3510 362 3572 (iii.)
385 3511 460 3573 Quod
469 3511 540 3560 hemo
551 3509 671 3559 internus
681 3509 718 3560 sit
729 3517 754 3558 et
763 3515 891 3568 certemus,
899 3515 926 3558 et
936 3510 1006 3574 quod
1016 3508 1059 3560 r'llr'
1071 3509 1174 3560 interce
1186 3509 1240 3559 dis·

445 3575 523 3624 rium
533 3575 589 3625 rint
597 3576 668 3625 sicut
676 3575 774 3625 caelum
785 3575 938 3634 amundus,
947 3583 973 3625 et
982 3583 1067 3625 tamen
1078 3575 1148 3641 quod
1153 3590 1238 3625 unum

445 3641 549 3690 debeam
554 3641 651 3706 jacere.
664 3646 695 3691 ut
705 3639 777 3690 hono
788 3639 825 3689 rit
836 3656 892 3689 vere
904 3640 983 3690 homo.

304 3726 359 3789 (iv.)
384 3727 459 3789 Quod
464 3726 512 3774 lux
522 3726 586 3775 caeli
596 3725 633 3775 sit
642 3725 672 3775 in
682 3741 735 3790 qua
746 3725 868 3774 internus
879 3724 952 3774 tomo
961 3731 1004 3783 est,
1013 3730 1039 3774 et
1047 3725 1096 3775 lux
1108 3724 1201 3775 mundi
1208 3724 1239 3774 ln

443 3808 496 3857 qua
512 3798 652 3850 extemus,·
672 3797 698 3840 et
711 3791 782 3855 quod
799 3790 848 3839 lux
865 3790 931 3839 caeli
945 3792 983 3839 cit
1001 3791 1087 3855 ipsunt
1103 3789 1238 3841 Divinum

446 3857 540 3906 Verum
551 3873 584 3905 ex
596 3871 645 3920 quo
654 3856 739 3905 omnis
750 3855 928 3920 intelligentia.

309 3929 354 3995 (v.)
378 3933 454 3994 Quod
466 3932 537 3982 inter
549 3931 597 3982 illa
610 3947 676 3997 quae
689 3931 720 3982 in
733 3931 835 3982 turem
849 3937 876 3982 et
890 3947 956 3996 quae
972 3931 1003 3980 ἐκ
1019 3937 1122 3981 extem
1135 3930 1237 3980 homine

439 4004 509 4057 sunt,
517 3996 797 4062 accommanda,-
813 3996 981 4063 etqucdr'nde
990 3995 1170 4047 utrobivt'rsub
1181 3996 1236 4045 alia

440 4062 519 4128 specie
534 4069 683 4128 appareant,
698 4079 779 4128 usque
795 4062 855 4113 adeo
872 4068 902 4112 ut
918 4078 969 4113 non
986 4061 1172 4128 dmorcantur
1182 4061 1238 4112 nisi

434 4135 485 4194 per
492 4127 626 4178 scientiam
638 4128 924 4194 correspondentiam.

115 4258 176 4318 tusi
193 4261 270 4316 haec
286 4269 317 4313 et
336 4257 420 4329 plura
434 4257 492 4312 alia
506 4257 649 4320 sciuntur.
663 4274 723 4314 non
740 4268 866 4329 possunt
882 4258 966 4313 ideae
980 4256 1018 4312 de
1034 4257 1238 4329 spiritualibus

115 4354 144 4398 et
159 4340 344 4399 caelestibus
359 4338 415 4393 nisi
436 4338 617 4411 incongruae
632 4339 697 4409 capi
716 4350 748 4395 et
766 4337 901 4400 formari:
923 4348 953 4394 et
972 4337 1015 4392 sic
1030 4336 1195 4396 scientifica
1207 4349 1238 4393 et

116 4423 312 4496 cognitiones,
325 4436 401 4492 quae
413 4419 527 4477 externi
541 4419 680 4484 hominis,
693 4420 805 4491 absque
820 4418 1038 4475 universalibus
1053 4418 1119 4479 illis.
1132 4433 1237 4487 narum
