2776 5040
208 490 247 540 10
525 488 577 540 DE
599 487 705 539 NOVA
729 487 1004 540 HIEROSOLYMA

202 655 333 798 ἷξότῶωο
348 661 463 721 quibus);
486 657 539 713 sed
557 656 638 727 quod
657 656 790 728 cognitio
809 656 846 711 de
865 656 922 711 illia
941 655 1031 711 hodie
1050 654 1171 726 perierit
1189 656 1231 724 (n.
1242 653 1322 724 4581,

266 913 306 964 ο.
335 897 533 981 Antequam
552 898 596 962 de
619 897 718 961 Nova
739 896 981 979 Hierosolyma
1004 906 1039 960 et
1062 895 1133 978 ejus
1157 894 1323 961 Doctrina

205 1008 328 1089 agitur,
348 1006 473 1089 aliquid
496 1007 540 1070 de
562 1006 664 1071 Novo
686 1005 792 1071 Caelo
813 1015 849 1069 et
870 1006 913 1069 de
932 1005 1031 1068 Nova
1052 1005 1157 1069 Terra
1180 1006 1321 1071 dicetur.

205 1117 244 1180 ln
257 1116 420 1198 opusculo
431 1115 483 1180 De
498 1115 620 1181 Ultimo
632 1115 768 1190 Judicio
779 1126 811 1180 et
821 1113 1005 1197 Babylonia
1014 1115 1193 1190 destrulla.
1204 1125 1322 1180 osten·

204 1246 277 1290 sum
296 1236 349 1290 est
368 1225 448 1309 quid
468 1225 671 1307 intelligitur
690 1245 749 1308 per
768 1226 941 1308 “primum
964 1224 1096 1288 caelum
1119 1234 1155 1288 et
1179 1225 1322 1307 primam

204 1334 354 1400 terram”
377 1355 463 1418 quae
494 1335 744 1413 transiverant;
778 1355 864 1417 quae
895 1343 1076 1417 postquam
1103 1334 1321 1410 transierant,

204 1444 253 1507 ita
272 1453 453 1526 postquam
472 1441 629 1505 ultimum
644 1441 805 1524 judicium
825 1440 998 1525 petatium
1017 1452 1081 1517 est,
1099 1461 1225 1505 novum
1244 1461 1323 1506 cae-

205 1553 274 1616 lum
304 1573 324 1616 a
354 1551 503 1615 Domino
532 1561 696 1626 creatum,
720 1550 786 1614 hoc
817 1561 881 1626 est.
906 1551 1087 1615 formatum
1117 1561 1182 1614 est.
1243 1550 1321 1615 Hoc

205 1661 337 1725 caelum
361 1661 542 1724 formatum
565 1667 619 1723 est
640 1660 685 1722 ab
706 1659 862 1723 omnibus
879 1659 944 1722 illis
963 1661 1018 1743 qui
1037 1669 1116 1742 post
1135 1660 1322 1724 adventum

206 1770 344 1833 Domini
369 1769 412 1832 ad
442 1768 507 1832 hoc
537 1788 641 1850 usque
671 1777 808 1850 tempus
837 1769 942 1833 vitam
971 1767 1048 1847 fidei
1078 1778 1113 1832 et
1143 1768 1323 1832 charitatis

204 1879 375 1953 vixerunt,
389 1878 547 1961 quoniam
564 1877 599 1940 hi
614 1875 724 1940 solum
737 1886 835 1941 erant
851 1877 978 1941 formae
993 1877 1099 1954 caeli;
1123 1897 1202 1941 nam
1215 1877 1322 1941 forma

205 1987 302 2063 caeli,
322 1989 505 2051 secundum
524 2006 625 2069 quam
641 2005 762 2049 omnes
781 1987 1053 2050 consociationes
1072 1997 1107 2050 et
1131 1985 1321 2050 communi-

205 2097 358 2160 cationes
377 2096 421 2158 ibi
439 2094 535 2170 fiunt,
555 2104 608 2158 est
632 2094 740 2158 forma
762 2095 876 2159 Divini
896 2095 978 2159 Veri
1001 2116 1046 2159 ex
1071 2095 1196 2158 Divino
1224 2094 1321 2158 Bono

205 2206 413 2288 procedente
429 2224 449 2267 a
465 2203 624 2278 Domino,
638 2214 674 2267 et
693 2203 781 2268 hanc
801 2204 942 2268 formam
959 2205 1067 2268 induit
1086 2205 1190 2268 homo
1209 2203 1320 2287 quoad

205 2311 360 2393 spiritum
377 2330 472 2374 suum
489 2331 550 2393 per
561 2311 669 2374 vitam
686 2311 874 2374 secundum
888 2311 1049 2374 Divinum
1061 2309 1202 2373 Verum.
1238 2326 1321 2385 (Quod

204 2413 281 2459 sonna
295 2414 354 2459 caeli
368 2414 425 2459 inde
438 2413 475 2467 sit,
490 2415 599 2461 videatur
613 2416 637 2461 in
651 2429 725 2475 opere
742 2416 781 2462 De
797 2415 866 2461 Caelo
880 2419 903 2459 et
915 2415 1019 2474 Inferna.
1035 2427 1058 2459 n.
1074 2426 1192 2468 noo-2123
1219 2420 1244 2458 et
1256 2414 1321 2470 quod

205 2505 289 2539 omnes
302 2493 380 2552 angeli
394 2494 541 2540 sintiorrnae
554 2496 622 2548 coeli,
633 2509 657 2542 n.
667 2498 751 2554 51-58.
762 2502 786 2540 et
799 2494 895 2553 73-77.)
937 2477 994 2540 Ex
1020 2477 1073 2539 his
1097 2477 1175 2540 Sclrl
1203 2486 1319 2558 potest

206 2585 387 2667 exquibus
406 2604 530 2648 novum
549 2585 683 2649 caelum
702 2583 827 2650 salium
846 2594 911 2659 est,
924 2584 1003 2647 inde
1022 2585 1126 2649 etiam
1140 2583 1240 2666 quale
1256 2593 1319 2657 est,

207 2693 297 2774 quod
320 2712 442 2775 nempe
469 2713 604 2776 prorsus
627 2696 843 2771 unanimum;
879 2712 957 2756 nam
981 2694 1037 2775 qui
1055 2694 1161 2755 vitam
1185 2690 1264 2756 fidei
1286 2702 1320 2755 et

205 2800 383 2864 charitatis
402 2802 495 2876 vivit.
516 2801 544 2864 is
563 2813 656 2866 amat
675 2801 820 2867 alterum
840 2803 927 2865 sicut
946 2811 1067 2875 semet,
1080 2786 1124 2864 ¹et
1147 2821 1207 2883 per
1226 2820 1320 2864 amo·

205 2930 275 2974 rem
289 2911 464 2993 conjungit
477 2931 554 2975 eum
566 2913 640 2988 sibi,
652 2922 687 2977 et
701 2915 746 2976 sic
760 2913 906 2976 vicissim
920 2920 955 2975 et
969 2922 1087 2975 mutuo
1102 2931 1109 2974 :
1135 2931 1212 2974 nam
1227 2930 1321 2974 amor

206 3028 260 3082 est
277 3016 468 3101 conjunctio
484 3021 518 3083 in
534 3021 696 3104 spirituali
714 3021 861 3099 mundo;
885 3041 987 3103 quare
1003 3040 1080 3084 cum
1093 3040 1213 3084 omnes
1230 3021 1321 3084 simi·

206 3125 284 3190 liter
303 3128 440 3203 iaciunt,
461 3137 542 3192 tunc
562 3150 606 3192 ex
626 3129 786 3212 pluribus,
804 3130 908 3192 immo
927 3151 972 3192 ex
992 3130 1175 3192 innumeris
1197 3149 1322 3193 conso·

206 3236 305 3299 ciatis
331 3237 517 3301 secundum
544 3238 686 3302 formam
713 3238 810 3314 caeli,
839 3239 959 3302 existit
986 3239 1192 3311 unanimum,
1221 3248 1257 3302 et
1285 3237 1322 3302 fit

205 3344 292 3407 sicut
317 3365 439 3424 unum;
470 3345 552 3409 nihil
577 3347 666 3410 enim
683 3356 735 3410 est
763 3347 853 3430 quod
881 3356 1017 3429 separat
1044 3355 1079 3409 et
1106 3346 1238 3422 dividit,
1263 3347 1322 3411 sed

205 3472 307 3517 omne
322 3453 497 3536 conjungit
514 3464 549 3518 et
566 3457 649 3518 unit.

266 3579 310 3645 3.
340 3561 428 3644 Quia
440 3563 505 3627 hoc
523 3564 653 3628 caelum
666 3563 847 3629 formatum
865 3573 918 3628 est
934 3563 977 3628 ab
993 3564 1149 3628 omnibus
1165 3564 1222 3646 qui
1234 3565 1323 3629 tales

204 3673 347 3748 suerunt,
361 3694 465 3755 usque
482 3694 501 3737 a
517 3684 671 3757 tempore
688 3675 825 3739 Domini
841 3676 884 3738 ad
900 3696 1061 3758 praesens
1077 3686 1224 3757 tempuS,
1239 3695 1321 3739 con-

204 3791 275 3846 stat
295 3781 384 3864 quod
404 3791 513 3845 tama
536 3781 736 3848 Christianis
754 3803 856 3866 quam
879 3804 899 3846 a
921 3784 1101 3865 gentibus3
1125 3783 1185 3846 sed
1209 3782 1321 3866 quoad

191 3891 390 3954 maximam
407 3900 539 3973 partem
559 3892 602 3954 ab
617 3892 766 3955 omnium
786 3893 970 3956 infantibus
986 3893 1019 3955 in
1039 3893 1195 3955 universo
1215 3901 1322 3955 terra·

204 4019 276 4063 rum
295 4000 376 4063 orbe
395 4001 450 4083 qui
469 4002 647 4065 obiverunt
666 4022 686 4064 a
702 4012 857 4083 tempore
877 4001 1025 4077 Domini,
1047 4021 1125 4065 nam
1145 4001 1178 4064 hi
1202 4021 1322 4065 omnes

203 4109 332 4190 recepti
351 4119 429 4172 sunt
448 4129 469 4172 a
488 4108 646 4186 Domino,
663 4119 699 4174 et
718 4109 855 4173 educati
871 4111 905 4174 in
922 4110 1029 4186 caelo,
1047 4130 1086 4173 ac
1106 4108 1262 4174 instructi
1279 4110 1322 4174 ab

203 4218 346 4299 angelis,
377 4227 412 4281 et
441 4218 520 4282 dein
549 4219 751 4294 conservati,
772 4227 810 4283 ut
835 4238 960 4283 novum
990 4219 1121 4282 caelum
1151 4239 1217 4283 una
1245 4239 1321 4284 cum

203 4326 338 4409 reliquis
351 4328 618 4391 constituerent:
643 4327 721 4391 inde
737 4326 894 4391 concludi
909 4337 1025 4411 potest
1039 4349 1139 4411 quam
1156 4349 1319 4412 magnum

203 4440 257 4496 est
275 4432 308 4495 ld
326 4432 470 4497 caelum.
513 4448 599 4510 (Quod
611 4461 696 4496 ornnes
705 4449 748 4509 qut
761 4449 863 4496 inientes
875 4450 1017 4506 moriuntur,
1028 4451 1194 4497 educenturtn
1204 4452 1282 4506 melo.
1293 4459 1316 4497 et
