2776 5040
59 808 485 941 CORONIS
519 832 656 930 SEU
688 806 1174 935 APPENDIX

599 1136 639 1176 AD

152 1360 347 1467 Veram
375 1358 716 1468 Christianam
744 1358 1079 1498 Religionem.

431 1734 807 1749 Ἦ

121 2016 160 2065 1.
191 1999 243 2063 De
259 1998 365 2063 tribus
383 1997 459 2074 illis,
477 1998 632 2061 nimirum
648 1997 691 2061 de
710 1995 1012 2062 Consummatione
1031 1993 1175 2073 Saeculi,

57 2110 101 2174 de
120 2107 286 2172 Adventu
309 2106 457 2183 Domini,
478 2106 587 2189 deque
610 2105 710 2171 Nova
731 2105 899 2182 Ecclesia,
918 2106 953 2169 in
975 2104 1096 2169 ultimo
1118 2125 1176 2169 ca·

58 2219 129 2302 pite
152 2217 262 2300 operis
289 2215 375 2280 Vera
396 2213 596 2280 Clm'stiana
611 2215 743 2299 Religro
760 2215 955 2299 nuncupati,
975 2223 1090 2279 actum
1112 2223 1175 2279 est.

59 2324 162 2408 Quod
188 2322 397 2389 continuatio
419 2324 461 2388 de
488 2322 554 2387 illis
576 2332 746 2407 sequatur,
770 2333 824 2389 est
850 2343 953 2388 causa
974 2323 1052 2408 quia
1075 2342 1177 2388 nemo

57 2431 224 2498 hactenus
250 2433 345 2496 novit
368 2432 448 2517 quid
475 2431 733 2497 Consummatio
759 2430 903 2509 Saeculi,
927 2451 987 2496 cur
1009 2431 1178 2496 secundus

58 2542 243 2607 Adventus
262 2541 411 2618 Domini,
430 2550 467 2606 et
485 2541 576 2624 quod
599 2540 699 2605 Nova
717 2540 875 2606 Ecclesia
892 2550 1036 2606 ventura
1053 2542 1118 2620 sit;
1141 2550 1178 2606 et

58 2662 177 2717 tamen
192 2652 235 2716 de
251 2652 303 2716 his
319 2652 425 2716 tribus
441 2652 475 2715 in
491 2650 618 2727 Verbo,
636 2661 708 2715 tarn
724 2651 928 2735 Prophetico
943 2670 1044 2735 quam
1060 2649 1176 2734 Apos-

47 2754 176 2837 ‘tolic0,
193 2770 229 2824 et
247 2759 347 2845 plene
365 2761 399 2824 in
414 2759 630 2842 Apocalypsi,
646 2761 768 2842 agitur.
813 2759 915 2843 Quod
930 2761 973 2824 de
988 2759 1054 2824 illis
1071 2760 1178 2824 tribus

57 2870 92 2934 in
119 2869 238 2934 Verbo
267 2869 472 2953 Prophetico
497 2869 635 2934 Veteris
661 2869 877 2934 Testamenti
906 2878 1038 2952 agatur,
1067 2869 1178 2952 patuit

60 2978 141 3042 mihi
167 2978 248 3042 dum
271 2978 389 3043 datum
412 2987 466 3043 est
495 2978 579 3043 illud
608 2999 668 3062 per
689 2997 826 3043 sensum
856 2977 1064 3062 spiritualem
1094 2998 1177 3042 enu-

58 3087 190 3167 cleare;
213 3086 368 3152 similiter
379 3088 469 3171 quod
481 3088 515 3151 in
528 3087 732 3170 Prophetico
745 3087 833 3151 Novi
846 3087 1072 3162 Testamenti,
1086 3087 1177 3170 quod

58 3205 201 3259 vocatur
217 3194 465 3277 Apocalypsis:
487 3195 578 3279 quod
597 3197 701 3260 etiam
719 3196 754 3259 in
772 3194 890 3260 Verbo
908 3194 1121 3277 Evangelico
1141 3205 1178 3261 et

59 3303 276 3388 Apostolico,
290 3326 335 3368 ex
351 3305 570 3390 sequentibus
582 3306 724 3389 patebit.
761 3305 845 3368 Inde
857 3307 1075 3388 consequitur
1086 3307 1177 3390 quod

58 3414 186 3499 absque
205 3415 401 3496 cognitione
420 3415 463 3478 de
479 3414 783 3480 Consummatione
800 3413 945 3490 Saeculi,
965 3414 1008 3478 de
1026 3417 1178 3480 secundo

58 3523 225 3588 Adventu
244 3523 392 3600 Domini,
410 3534 446 3588 et
468 3524 511 3588 de
535 3523 635 3588 Nova
653 3522 821 3600 Ecclesia,
839 3522 991 3587 Verbum
1014 3525 1059 3588 sit
1082 3526 1177 3608 quasi

59 3633 252 3700 occlusum:
288 3653 350 3698 nec
377 3633 467 3698 aliud
493 3654 594 3717 quam
621 3633 836 3715 cognitiones
865 3630 947 3696 illud
977 3632 1176 3714 recludunt3

57 3744 122 3808 hae
138 3751 218 3807 sunt
234 3743 322 3806 sicut
337 3741 462 3819 claves,
480 3743 534 3826 qui
549 3741 688 3824 januam
703 3742 858 3825 aperiunt
873 3762 913 3806 ac
932 3741 1177 3807 intromittunt.

59 3851 207 3936 Quando
229 3851 294 3915 hoc
318 3849 356 3914 fit
379 3870 457 3914 curn
478 3849 607 3926 Verbo,
632 3860 713 3915 tunc
738 3852 772 3915 in
795 3847 1015 3933 conspebtum
1038 3851 1178 3916 venient

58 3961 208 4027 thesauri
223 3960 279 4043 qui
297 3958 377 4023 inibi
392 3960 480 4024 sicut
498 3959 650 4023 infundo
667 3961 768 4023 maris
783 3959 847 4023 huc
864 3980 968 4043 usque
985 3958 1177 4040 latuerunt3

57 4070 207 4135 funditus
223 4070 362 4133 enimin
375 4067 492 4133 Verbo
508 4088 577 4132 non
593 4079 672 4133 sunt
685 4068 747 4131 nisi
763 4087 864 4152 quam
881 4067 1098 4132 thesauraria.
1136 4069 1177 4134 In

56 4180 88 4243 Α
88 4177 249 4262 ppendice
259 4199 318 4242 seu
334 4175 583 4242 continuatione
596 4177 672 4253 hac,
685 4197 922 4261 progressurus
938 4196 1012 4241 sum
1024 4175 1179 4242 similiter

59 4298 95 4354 ut
123 4289 158 4352 in
188 4288 262 4371 ipso
291 4306 404 4370 opere,
432 4306 491 4369 per
520 4287 705 4370 praemissa
734 4284 934 4362 Summaria,
962 4306 1048 4369 quae
1078 4294 1178 4351 erunt

59 4396 291 4464 confirmanda
308 4417 353 4460 ex
372 4394 545 4480 Scriptura
563 4405 599 4461 et
617 4395 820 4460 illustranda
837 4416 883 4460 ex
901 4395 1043 4460 ratione.
