2776 5040
198 470 235 535 18
366 536 369 543 ,
514 482 692 537 1111110111
716 480 990 541 11121000111111
1095 494 1100 537 :

194 652 227 715 in
249 650 407 733 conjugio
430 651 589 729 caelesti;
621 653 669 717 ita
695 671 763 716 non
787 662 841 715 est
867 651 900 714 in
925 650 983 714 illo
1007 650 1117 713 adhuc
1142 647 1306 724 ecclesia;

195 765 272 809 nam
288 744 480 826 conjunt'tio
496 746 575 809 boni
591 756 626 810 et
640 748 709 809 veri
725 746 805 809 facit
821 744 1010 808 ecclesiam.

257 840 325 904 16.
356 839 451 902 Bona
467 850 545 902 sunt
565 838 785 921 multiplicia;
809 840 841 902 in
859 858 984 920 genere
1000 849 1052 901 est
1068 837 1194 900 bonurn
1214 837 1308 917 spiri·

194 933 286 996 tuale
299 943 334 996 et
350 933 475 995 bonurn
492 933 656 1007 naturale,
670 953 717 996 ac·
726 944 904 1014 utrumque
920 929 1137 1012 conjunetum
1154 931 1187 993 in
1202 950 1307 1012 genu-

193 1027 250 1089 ino
273 1027 365 1089 bono
387 1026 516 1089 morali.
562 1025 655 1090 Sicut
678 1036 757 1090 sunt
776 1027 876 1101 bona,
896 1027 943 1088 ita
966 1046 1097 1108 quoque
1120 1035 1201 1087 sunt
1220 1044 1307 1098 vera,

195 1122 272 1202 quia
290 1140 370 1183 vera
389 1131 468 1183 sunt
486 1120 576 1195 boni,
593 1131 628 1184 et
649 1130 726 1184 sunt
746 1120 870 1183 formae
890 1119 978 1182 boni.

257 1227 320 1295 17·
350 1212 442 1277 Sicut
470 1225 522 1277 est
548 1233 625 1278 cum
652 1214 743 1276 bono
769 1224 805 1277 et
823 1232 914 1287 vero,
935 1214 983 1276 ita
1005 1233 1050 1275 ex
1075 1212 1235 1293 opposito
1258 1221 1309 1276 est

193 1298 269 1371 curn
289 1307 378 1370 malo
396 1318 431 1370 et
451 1308 554 1385 falso;
584 1308 685 1390 quod,
706 1327 838 1388 nempe,
852 1309 938 1370 sicut
962 1309 1074 1370 omnia
1097 1308 1129 1368 in
1155 1308 1310 1369 universo

192 1421 278 1484 quae
303 1411 381 1464 sunt
401 1402 587 1464 secundum
611 1401 771 1464 Divinum
790 1401 942 1464 ordinem
962 1421 998 1463 se
1018 1400 1166 1463 referunt
1185 1399 1229 1462 ad
1248 1400 1309 1463 bo·

195 1514 273 1557 num
286 1505 321 1558 et
333 1515 461 1569 verum,
474 1497 521 1559 ita
533 1497 646 1559 omnia
659 1516 744 1577 quae
758 1505 836 1558 sunt
850 1504 969 1558 contra
985 1495 1143 1557 Divinum
1158 1495 1310 1558 ordinem

191 1609 228 1654 se
248 1589 392 1653 referant
411 1590 454 1652 ad
474 1589 601 1653 malum
620 1600 656 1654 et
675 1588 805 1652 falsumr
851 1587 939 1652 Tum
959 1589 1049 1671 quod
1073 1590 1159 1651 sicut
1183 1589 1310 1653 bonum

192 1693 284 1746 amat
303 1683 461 1764 conjungi
480 1704 571 1758 vero,
589 1703 628 1746 ac
649 1684 806 1756 vicissim,
824 1684 872 1746 ita
890 1682 1017 1745 malum
1039 1692 1132 1745 amet
1152 1682 1311 1765 conjungi

193 1775 287 1851 falso,
299 1796 337 1839 ac
351 1777 507 1840 vicissim.
544 1775 594 1841 Ut
607 1788 654 1851 et,
666 1778 752 1840 sicut
766 1777 875 1839 omnis
887 1776 1115 1857 intelligentia
1127 1787 1162 1839 et
1174 1777 1310 1857 sapien·

192 1872 240 1935 tia
252 1872 399 1934 nascitur
417 1892 462 1934 ex
479 1868 715 1953 conjunetione
736 1871 816 1934 boni
836 1880 871 1935 et
888 1872 968 1946 veri,
986 1872 1034 1933 ita
1052 1871 1161 1933 omnis
1181 1870 1311 1934 insania

192 1976 227 2028 et
247 1965 392 2028 stultitia
408 1986 451 2029 ex
472 1963 708 2045 conjunetione
729 1964 808 2027 mali
827 1975 863 2028 et
879 1964 962 2028 falsi.
1006 1961 1209 2045 Conjunfflo
1231 1963 1310 2028 mali

192 2068 228 2122 et
244 2058 316 2122 falsi
334 2069 474 2122 vocatur
490 2057 681 2140 conjugium
698 2057 868 2121 infernale.

255 2154 322 2220 18·
352 2153 408 2216 Ex
429 2174 480 2229 eo,
497 2154 588 2236 quod
612 2153 738 2216 malurn
756 2163 791 2217 et
814 2152 934 2216 falsum
954 2153 1021 2217 sint
1040 2155 1200 2235 opposita
1219 2153 1309 2217 bono

192 2256 226 2310 et
245 2268 337 2322 vero,
358 2259 454 2329 patet
477 2248 567 2330 quod
587 2267 702 2311 verum
726 2266 794 2310 non
813 2246 971 2328 conjungi
995 2249 1102 2328 possit
1126 2246 1229 2322 malo,
1247 2267 1307 2311 nec

192 2341 317 2405 bonum
333 2342 417 2404 falso
436 2342 535 2418 mali;
559 2342 585 2404 si
605 2360 721 2404 verum
743 2340 937 2423 adjungitur
956 2341 1056 2414 malo.
1075 2360 1142 2404 non
1165 2340 1308 2424 amplius

191 2434 228 2499 fit
241 2455 367 2511 verum,
382 2436 441 2498 sed
457 2435 588 2508 falsum,
602 2437 679 2518 quia
696 2433 909 2498 falsificatum
922 2456 929 2511 3
953 2446 989 2497 et
1005 2436 1032 2497 si
1048 2434 1175 2498 bonum
1190 2435 1307 2517 adjun-

191 2531 281 2611 gitur
300 2529 384 2593 falso
403 2529 493 2605 mali,
511 2549 579 2592 non
603 2529 750 2611 amplius
772 2528 810 2593 fit
833 2529 971 2604 bonum,
992 2529 1051 2591 sed
1075 2529 1213 2604 malum,
1232 2531 1307 2611 quia

191 2624 431 2688 adulteratum.
475 2624 526 2688 At
542 2624 661 2688 falsum
679 2644 746 2688 non
764 2623 843 2686 mali
860 2633 976 2705 potest
993 2623 1152 2706 conjungi
1168 2625 1269 2689 bono.

259 2734 327 2801 19.
358 2718 468 2782 Nemo
487 2720 541 2801 qui
560 2720 592 2781 in
613 2719 703 2782 malo
722 2729 757 2782 et
777 2719 854 2781 inde
878 2718 961 2781 falso
984 2729 1037 2782 est
1060 2740 1106 2782 ex
1129 2718 1306 2783 confirma·

191 2813 284 2876 tione
303 2823 338 2876 et
357 2814 437 2887 vita,
456 2824 571 2894 potest
594 2814 678 2876 scire
698 2813 776 2895 quid
800 2813 927 2876 bonum
946 2823 981 2876 et
1001 2832 1128 2888 verum,
1148 2815 1306 2894 quoniam

192 2908 316 2970 malurn
336 2927 431 2970 suum
451 2908 558 2971 credit
576 2928 652 2971 esse
670 2906 808 2981 bonum,
826 2927 865 2970 ac
882 2906 959 2969 inde
979 2907 1098 2971 falsum
1118 2927 1214 2970 suum
1234 2927 1305 2972 cre·

191 3002 241 3065 dit
260 3022 334 3065 esse
350 3021 488 3078 verum;
511 3011 547 3065 at
566 3002 676 3065 omnis
694 3002 751 3084 qui
770 3001 803 3063 in
822 3001 913 3064 bono
934 3011 970 3065 et
995 3002 1072 3065 inde
1088 3021 1169 3064 vero
1193 3012 1246 3066 est
1262 3022 1306 3066 ex

192 3094 448 3159 confirmatione
470 3105 506 3158 et
524 3096 605 3170 vita,
626 3104 741 3177 potest
764 3096 848 3159 scire
871 3095 950 3177 quid
970 3094 1094 3158 malurn
1118 3106 1153 3159 et
1176 3096 1305 3160 falsum.

191 3187 301 3254 Causa
316 3199 380 3263 est,
394 3190 470 3271 quia
482 3209 582 3252 omne
599 3189 724 3252 bonurn
740 3199 776 3253 et
789 3188 860 3270 ejus
872 3209 987 3253 verum
1000 3200 1052 3253 est
1069 3192 1101 3252 in
1117 3210 1177 3253 sua
1191 3209 1305 3254 essen·

190 3285 238 3347 tia
260 3284 419 3357 caeleste,
433 3293 468 3346 et
493 3283 583 3365 quod
607 3302 674 3346 non
698 3285 731 3346 in
748 3304 808 3346 sua
830 3285 979 3346 essentia
1001 3293 1054 3347 est
1077 3283 1237 3358 caeleste,
1254 3294 1306 3348 est

190 3398 294 3461 usque
305 3399 349 3440 ex
361 3378 488 3459 origine
500 3376 638 3440 caelesti
651 3397 659 3453 ;
679 3396 779 3441 omne
791 3388 906 3441 autern
918 3377 1043 3440 malurn
1056 3389 1091 3442 et
1104 3377 1175 3458 ejus
1187 3377 1307 3441 falsum

190 3484 243 3536 est
266 3472 299 3535 in
319 3492 379 3534 sua
401 3473 550 3534 essentia
572 3470 744 3544 infernale,
761 3480 796 3534 et
819 3471 909 3553 quod
933 3490 1000 3535 non
1024 3473 1057 3534 in
1076 3492 1136 3534 sua
1159 3473 1307 3535 essentia

189 3576 242 3629 est
262 3564 433 3640 infernale,
447 3575 500 3628 est
519 3585 623 3647 usque
641 3586 686 3626 ex
706 3566 834 3646 origine
854 3566 952 3629 inde:
976 3584 1015 3628 ac
1035 3584 1136 3628 omne
1155 3565 1305 3631 caeleste

190 3669 242 3722 est
259 3661 291 3721 in
309 3658 394 3733 luce,
412 3669 448 3722 at
464 3677 564 3721 omne
583 3657 743 3722 infernale
762 3659 795 3721 in
815 3659 973 3722 tenebris.

589 3833 626 3883 (1111
639 3840 735 3872 neema
747 3832 909 3883 camma)

242 3944 308 3991 no.
334 3931 422 4003 Quod
436 3931 537 3986 omnia
549 3941 579 3986 et
592 3931 708 4003 singula
720 3931 750 3985 in
764 3932 902 3987 universo
915 3949 946 3988 se
959 3933 1087 3989 referant
1100 3935 1137 3989 ad
1151 3935 1263 3991 bonurn
1276 3945 1306 3990 et

189 4020 300 4063 verum,
315 4015 345 4057 et
361 4004 397 4056 ad
414 4004 524 4056 malum
540 4013 570 4057 et
586 4000 707 4063 falsum:
733 4003 783 4056 illa
797 4018 873 4073 quae
888 4004 1051 4058 secundum
1070 4003 1211 4058 Divinum
1227 4006 1306 4060 ordi·

190 4091 257 4129 nem
271 4085 341 4127 sunt
355 4083 384 4127 et
395 4072 478 4134 fiunt,
488 4072 525 4126 ad
540 4073 651 4125 bonurn
664 4081 694 4126 et
703 4089 823 4133 verum;
843 4072 892 4127 illa
903 4084 1002 4127 autern
1015 4090 1091 4144 quae
1104 4085 1209 4129 contra
1223 4074 1306 4130 Divi·

190 4160 261 4197 num
274 4144 418 4266 ordi6nern‚
432 4142 471 4280 at}
486 4143 597 4196 rnnlurn
612 4153 643 4197 et
657 4142 763 4198 falsum
780 4146 820 4212 (n.
835 4143 928 4212 2451st
942 4144 1031 4212 2452l
1045 4145 1122 4213 3166.
1135 4160 1214 4214 4390,
1227 4161 1304 4215 ⁴409·

191 4227 266 4282 5232,
280 4226 331 4281 725
352 4254 358 4274 ,
376 4226 480 4266 10122.

243 4282 288 4338 lta
303 4283 381 4353 apud
398 4283 549 4337 hominem
563 4280 600 4336 ad
615 4280 796 4337 intellectum
811 4293 841 4338 et
852 4283 1046 4344 voluntatem,
1059 4286 1201 4354 quoniam
1219 4285 1305 4342 intel·

190 4351 428 4478 leitusallrominis
437 4363 487 4491 est)
495 4352 640 4423 recipiens
651 4352 714 4407 veri
729 4362 780 4407 aut
792 4353 866 4416 falsi,
879 4369 914 4409 ac
922 4354 1061 4410 voluntas
1075 4356 1220 4427 recipiens
1231 4356 1301 4412 boni

188 4434 241 4479 aut
253 4441 282 4477 rn
314 4425 321 4477 i
337 4426 475 4491 (11.10122
490 4464 497 4478 .
