2776 5040
138 529 198 581 120
457 528 508 581 DE
530 527 636 580 Nova
659 527 933 581 ntsaosotvtss

188 695 277 770 Quod
291 694 439 751 Dominus
450 711 520 751 vera
532 711 600 751 cum
618 695 705 752 bonis
718 706 786 767 post
798 697 979 752 tentationes
993 695 1022 750 in
1042 711 1153 751 novum
1169 696 1248 752 ordi·

134 782 203 822 nem
217 767 279 822 redi
317 776 340 829 t,
352 776 383 821 et
397 767 536 837 disponat
550 767 579 820 in
595 765 721 821 formam
733 766 890 821 caelestem
906 768 946 835 (n.
961 767 1067 835 10685).

189 834 249 909 (Ωιι
304 836 444 891 interiora
457 837 586 891 hominis
597 837 759 907 spiritualis
771 837 917 908 disposita
928 837 988 891 sint
1001 837 1031 891 iii
1044 836 1171 891 formam
1184 851 1249 891 cae·

133 906 248 969 iestenn
257 907 395 963 videatur
407 907 437 961 iii
451 922 542 977 opere
556 908 603 962 De
618 908 701 962 Caelo
710 913 739 961 et
751 908 882 979 Inseriio.
894 916 926 961 et
944 907 984 961 ibi
1004 907 1034 960 in
1052 907 1187 967 articulo,
1204 905 1249 961 De

135 975 244 1032 Forma
255 975 346 1039 Caeli,
359 976 521 1032 secundum
534 992 623 1047 quam
636 977 873 1033 consociationes
886 977 934 1039 ibi,
947 993 976 1031 n.
989 990 1042 1030 eoo
1053 986 1084 1031 et
1097 978 1170 1043 212.)

187 1108 278 1183 Quod
293 1109 344 1181 qui
358 1110 388 1164 in
401 1090 616 1166 tentationibus
628 1110 826 1166 succumbunt
838 1110 868 1164 in
884 1109 1106 1165 damnationem
1119 1109 1247 1170 veniant.

133 1180 204 1251 quia
221 1180 300 1236 mala
316 1190 348 1264 et
362 1179 436 1236 falsa
447 1181 580 1243 vincunt.
593 1191 624 1235 et
639 1181 781 1235 naturalis
800 1180 892 1263 homo
906 1196 994 1304 11υέ
1007 1179 1201 1263 spiritualem,
1213 1195 1248 1234 ac

188 1260 238 1305 tea
249 1251 428 1313 dominatur,
439 1260 472 1306 et
483 1251 563 1322 quod
579 1260 652 1306 tunc
663 1260 761 1307 status
773 1261 921 1322 posterior
972 1260 986 1304 t
1004 1265 1089 1320 pejor
1101 1264 1190 1321 priori
1208 1253 1220 1316 (
1241 1290 1248 1303 .

154 1320 210 1390 165,
223 1320 301 1390 8169
314 1320 405 1390 8961).

132 1498 230 1548 Μ.
256 1489 341 1560 Quod
349 1489 612 1562 Dominuspignet
620 1487 803 1561 probamin
814 1491 847 1542 i‘n
859 1488 1073 1549 tentatiim'bicr.

187 1604 276 1689 Quod
296 1605 444 1690 Dominus
456 1607 538 1662 solus
551 1607 629 1730 agad
648 1607 799 1662 hominem
813 1607 1072 1662 intentationibus
1085 1619 1205 1680 pugnet.
1218 1618 1249 1662 et

134 1675 826 1830 ¹¹⁰'iiiihiiii‘iiiiiiiai⁷22⁸ii⁵siiii
840 1677 980 1818 {iiiia
997 1756 1104 1802 sin
1122 1747 1200 1831 ...1.
1217 1758 1249 1802 a

134 1815 216 1879 falsa,
228 1832 299 1888 quia
317 1817 347 1872 id
370 1816 447 1872 foret
461 1827 566 1873 contra
584 1817 685 1872 omnia
703 1817 825 1879 interna,
840 1833 916 1889 quae
940 1818 1062 1872 domare
1080 1828 1112 1873 et
1130 1833 1248 1873 vincere

134 1902 223 1941 nemo
236 1896 336 1970 potest
348 1887 405 1942 nisi
417 1888 499 1942 solus
513 1886 660 1942 Dominus
675 1889 715 2011 gi.
731 1887 819 1970 rope).
979 1959 986 1971 ι
1202 1957 1208 1970 ¹

236 1957 275 2012 od
290 1957 405 2012 interna
417 1967 551 2028 pugnent
563 1967 667 2012 contra
701 1973 840 2020 ominem,
853 1968 884 2012 et
898 1956 1045 2013 Dominus
1058 1974 1113 2028 pro
1128 1957 1248 2013 homine

135 2028 175 2094 (ῃ.
186 2029 282 2221 {rigi
303 2097 406 2181 homo
414 2107 527 2170 pugnet
547 2113 584 2154 ex
604 2098 683 2153 veris
703 2097 848 2180 etflbonis,
861 2097 903 2152 ita
923 2114 960 2153 ex
977 2098 1200 2169 sopitionibus
1218 2108 1266 2153 et'

132 2165 190 2222 affe
223 2168 339 2223 ionibus
350 2169 474 2231 illorum,
483 2184 558 2239 quae
568 2179 638 2223 sunt
647 2168 726 2239 apud
740 2168 838 2230 illum:
856 2169 909 2224 sed
918 2169 999 2240 quod
1010 2184 1071 2223 noii
1084 2168 1186 2230 homo,
1195 2171 1247 2224 sed

135 2235 346 2362 Dominus?
359 2239 422 2321 ἤιξε
436 2241 476 2307 (η’
489 2238 653 2363 &ignitius
686 2318 752 2363 utet
766 2307 928 2363 Dominum
941 2309 1044 2363 abesse
1083 2309 1134 2363 iiia
1166 2325 1248 2365 reces

133 2305 281 2433 tunglpffi
297 2320 514 2462 igmgidiutiittiir
549 2389 617 2433 rout
634 2324 719 2434 exire
731 2379 803 2440 illas,
816 2379 869 2433 sed
887 2378 968 2449 quod
987 2324 1082 2450 iisquel
1101 2325 1247 2435 Doininui

128 2459 206 2503 tunc
218 2458 403 2519 praesentior
414 2459 454 2504 sit
468 2450 508 2516 (n.
572 2450 594 2516 ).

186 2515 275 2601 Quod
296 2519 387 2574 homo
400 2519 430 2572 in
445 2519 661 2573 tentationibus
673 2518 758 2589 quasi
770 2535 806 2573 ex
819 2534 851 2574 se
863 2533 997 2602 pugnare
1015 2517 1131 2582 debeat,
1144 2531 1174 2575 et
1188 2537 1245 2576 non

135 2598 284 2644 remittere
303 2604 417 2650 manus.
430 2599 461 2643 et
479 2604 539 2643 non
557 2587 728 2659 exspeeiare
750 2589 950 2643 immediatam
970 2604 1075 2658 opem:
1095 2592 1148 2645 sed
1166 2591 1247 2662 quod

134 2674 227 2729 usque
240 2659 341 2714 credet
355 2659 436 2729 quod
449 2674 468 2713 a
481 2657 612 2714 Domino
627 2661 666 2727 (n.
682 2672 756 2725 1712,
770 2658 847 2728 8179,
861 2658 952 2727 8969).

187 2728 275 2801 Quod
289 2729 381 2784 homo
393 2729 480 2783 aliter
492 2744 551 2783 non
565 2729 695 2799 recipere
708 2729 802 2800 possit
815 2729 966 2800 proprium
978 2728 1105 2784 caeleste
1121 2734 1160 2799 (n.
1175 2744 1247 2800 ¹937·

136 2798 496 2992 ιμόιιῖξὶῗίᾱῖξθτέἑξὲῌ,
509 2869 590 2940 quod
601 2885 661 2924 non
674 2868 713 2924 sit
725 2869 855 2925 hominis
868 2870 920 2925 sed
935 2868 1055 2924 Domini
1069 2871 1149 2941 apud
1165 2871 1247 2925 iilum

135 2942 174 3008 (n.
192 2953 265 3008 1937,
281 2951 355 3009 1947,
370 2954 385 2993 2
405 2940 446 3002 82,
461 2940 537 3009 2883,
552 2940 628 3009 2891,
642 2939 732 3009 8497).

187 3071 275 3144 Quod
285 3073 421 3128 tentatio
440 3088 500 3128 non
519 3073 676 3135 conducat.
690 3087 745 3128 nec
762 3071 873 3142 aliquid
893 3071 964 3128 boni
984 3071 1099 3134 inierat.
1113 3073 1138 3127 si
1157 3072 1249 3128 homo

134 3158 194 3198 non
212 3144 321 3204 credat,
337 3160 430 3214 usque
452 3153 521 3214 post
541 3143 732 3205 tentationes,
747 3142 830 3213 quod
854 3141 1000 3199 Dominus
1023 3144 1201 3213 pugnaverit
1218 3153 1249 3198 et

134 3213 237 3267 vicerit
250 3229 304 3283 pro
317 3213 368 3268 illo
383 3216 422 3281 (ii.
435 3213 526 3282 8969).

187 3282 246 3355 Qui
269 3283 407 3337 meritum
428 3294 543 3353 ponunt
568 3283 598 3338 in
623 3283 864 3355 operibus‚quod
889 3299 949 3338 non
974 3284 1091 3368 possint
1117 3301 1249 3369 pugnare

133 3364 238 3409 contra
250 3354 334 3415 mala,
348 3354 417 3476 quia
432 3363 566 3424 pugnant
578 3370 614 3408 ex
628 3354 756 3425 proprio,
769 3363 799 3408 et
813 3368 872 3408 non
889 3365 1066 3426 permittunt
1085 3353 1248 3410 Dominum

135 3424 629 3577 &ugssiaioedparggiessssilriiaiiqgiieant
643 3494 694 3564 qui
708 3494 834 3549 credunt
849 3510 881 3549 se
894 3510 947 3566 per
958 3495 1139 3552 tentationes
1152 3497 1249 3551 me'iu-

135 3580 191 3620 isse
204 3563 317 3618 caelum
333 3566 373 3632 (n.
387 3566 477 3632 ²²73)-

216 3698 275 3753 uod
287 3697 434 3753 Dominus
443 3713 502 3753 non
512 3707 616 3760 tentet,
624 3699 675 3753 sed
687 3699 798 3762 liberet,
809 3709 839 3754 et
852 3699 972 3754 inducat
985 3700 1096 3754 bonum
1108 3701 1149 3768 (n.
1159 3701 1250 3768 2768).

216 3769 275 3904 uod
291 3768 473 3824 tentationes
484 3779 646 3839 appareant
658 3769 735 3825 sicut
747 3785 766 3824 a
780 3769 897 3832 Divino,
909 3786 977 3824 cuni
990 3780 1090 3825 tamen
1104 3786 1166 3825 non
1179 3783 1250 3827 sunt

147 3855 175 3894 n.
187 3853 221 3906 42
272 3880 279 3894 .

135 3842 147 3906 (
186 3853 346 3981 Qit9gmodo
357 3908 531 3979 intelligitur
539 3908 569 3961 in
578 3907 721 3963 Oratione
734 3908 897 3973 Dominicis,
907 3928 965 3981 per.
975 3917 990 3940 ‘⁴
1001 3909 1046 3965 Ne
1060 3910 1184 3966 inducas
1194 3927 1250 3967 nos

133 3979 163 4033 in
176 3980 358 4034 tentationes
367 3980 382 3999 ”
397 3980 443 4048 (ab
455 3982 643 4049 experientiis,
655 3996 682 4036 n.
696 3980 783 4049 1875).

186 4048 275 4173 §guod
296 4048 443 4105 Dominus
459 4049 489 4103 in
508 4049 724 4105 tentationibus
737 4067 797 4104 non
810 4059 966 4106 concurrat
980 4051 1191 4121 permittendo,
1204 4067 1250 4108 se·

132 4136 189 4174 cun
213 4136 262 4173 um
277 4119 373 4174 ideam
386 4136 474 4190 quam
489 4120 580 4174 homo
593 4120 682 4175 habet
695 4120 733 4175 de
745 4122 938 4191 permissione
953 4124 993 4187 (n.
1007 4122 1097 4189 2768).

186 4252 274 4377 §diuod
288 4254 317 4307 in
328 4254 410 4309 omni
419 4254 586 4309 tentatione
595 4253 634 4309 sit
644 4254 778 4317 liberum,
787 4255 905 4311 tametsi
916 4271 975 4310 non
987 4255 1029 4309 ita
1037 4267 1177 4325 apparet:
1196 4258 1247 4312 sed

132 4339 192 4394 quo
227 4324 257 4378 id
271 4324 395 4379 liberum
407 4325 448 4379 sit
461 4324 583 4379 interius
592 4326 671 4395 apud
685 4325 835 4381 hominem
848 4342 867 4381 a
878 4324 1024 4387 Domino:
1042 4335 1073 4380 et
1083 4327 1165 4397 quod
1181 4327 1248 4382 ideo

133 4403 247 4466 pugnet
260 4403 290 4449 et
302 4394 508 4457 uelitvincere.
521 4403 553 4450 et
565 4409 626 4449 non
638 4395 725 4458 vinci,
738 4396 819 4467 quod
832 4396 942 4467 absque
955 4395 1050 4450 libero
1062 4412 1124 4451 non
1137 4396 1248 4453 iaceret

133 4466 173 4532 (n.
190 4477 265 4534 1937,
282 4476 356 4534 1947,
370 4465 461 4533 2881).
