2776 5040
132 444 176 524 ⁶4
605 456 778 507 conours.

134 625 242 706 signa,
262 644 347 707 quae
370 633 407 689 ut
430 621 564 706 objecta
582 624 753 706 religionis
771 624 815 686 ab
833 624 1027 687 hominibus
1049 622 1244 706 [Ecclesiae]

135 719 327 782 Noachicae
339 728 374 782 et
388 718 594 782 israeliticae
605 720 759 782 sensibus
772 719 921 800 corporis
933 720 1176 801 captabantur,
1189 740 1246 783 non

134 812 231 876 simul
246 834 291 876 ex
304 814 472 896 superiore
488 835 547 876 seu
562 814 721 876 interiore
736 815 822 888 idea,
839 834 924 896 quae
941 833 1048 896 prope
1065 815 1197 878 accedit
1212 815 1247 877 ad

133 906 352 990 spiritualem,
363 905 518 991 spet'tata
530 918 620 982 sunt,
632 908 742 971 cultus
753 929 833 972 vere
844 911 1158 990 repraesentativus
1169 909 1248 991 apud

134 1001 211 1065 illos
229 1002 325 1066 lacile
344 1004 502 1066 ceciderit
521 1004 555 1066 in
574 1002 833 1066 idololatricum.
878 1002 972 1066 Sicut
992 1024 1055 1085 pro
1075 1005 1246 1086 exemplo:

133 1097 160 1160 si
179 1097 222 1160 de
238 1097 458 1161 tabernaculo
474 1118 542 1160 non
561 1097 658 1160 simul
678 1099 922 1179 cogitavissent
939 1099 1027 1161 sicut
1046 1098 1091 1161 de
1108 1099 1204 1162 caelo
1218 1110 1248 1162 et

135 1190 301 1265 Ecclesia,
321 1212 360 1255 ac
384 1193 427 1255 de
450 1191 645 1255 habitaculo
669 1192 732 1255 Dei
755 1194 788 1254 in
809 1192 894 1268 illis;
926 1193 969 1254 de
989 1193 1135 1274 panibus
1158 1194 1248 1256 lacie-

133 1306 206 1349 rum
222 1287 311 1360 inibi,
326 1307 393 1350 non
409 1286 507 1349 simul
524 1289 609 1350 sicut
623 1288 665 1350 de
682 1306 768 1368 pane
784 1287 923 1350 caelesti
940 1289 1088 1350 nutricio
1103 1289 1248 1364 animae;

133 1381 176 1443 de
203 1381 301 1444 thure
327 1391 363 1445 et
390 1381 503 1444 suffitu
529 1401 628 1463 super
654 1381 752 1444 altari
779 1403 879 1444 aureo
909 1382 964 1455 ibi,
991 1402 1059 1444 non
1088 1382 1187 1444 simul
1211 1384 1249 1446 de

133 1474 226 1539 cultu
249 1496 294 1538 ex
313 1476 378 1539 fide
397 1486 433 1540 et
456 1477 633 1550 charitate,
653 1477 742 1559 quod
766 1476 819 1539 hic
842 1478 928 1539 sicut
951 1487 1072 1558 gratus
1095 1478 1180 1541 odor
1200 1498 1249 1540 as·

134 1570 258 1634 cendat
281 1571 324 1633 ad
346 1571 510 1653 Jehovam
523 1594 531 1649 ;
566 1572 608 1634 de
632 1571 811 1634 luminibus
834 1572 867 1633 in·
891 1570 1037 1634 lucernis
1060 1571 1249 1635 candelabri

133 1667 223 1728 aurei
242 1667 385 1738 accensi,
406 1686 473 1728 non
497 1666 595 1728 simul
618 1667 704 1728 sicut
727 1666 770 1728 de
792 1665 1041 1729 illuminatione
1060 1664 1249 1730 intelledlus

133 1761 167 1823 in
183 1759 353 1843 religionis
369 1759 502 1824 illorum
518 1757 678 1842 objedtis3
702 1761 811 1844 deque
824 1763 1076 1824 comessatione
1092 1783 1113 1824 a
1129 1760 1248 1825 sancti-

133 1854 252 1929 ficatis,
271 1876 338 1917 non
354 1855 450 1918 simul
470 1866 506 1918 ut
525 1856 568 1918 de
587 1858 859 1938 appropriatione
875 1856 1025 1918 ciborum
1044 1857 1249 1929 caelestium,

134 1960 168 2014 et
199 1971 332 2032 quoque
362 1951 405 2012 de
435 1952 610 2032 spirituum
638 1970 754 2013 eorum
782 1947 901 2013 sanita
927 1950 1179 2015 refocillatione
1208 1972 1249 2014 ex

134 2042 278 2127 peractis
300 2044 491 2122 sacrificiis;
515 2055 549 2107 et
569 2044 722 2108 similiter
741 2046 782 2108 de
806 2045 949 2127 reliquis.
996 2044 1136 2109 Exinde
1160 2056 1249 2128 patet

134 2139 224 2220 quod
248 2139 275 2200 si
298 2138 401 2202 homo
424 2138 599 2202 Ecclesiae
622 2141 933 2220 repraesentativae
955 2138 1014 2201 illa
1038 2161 1127 2221 quae
1147 2141 1250 2203 cultus

135 2232 224 2295 illius
254 2233 398 2307 fuerunt,
430 2254 497 2296 non
529 2233 627 2296 simul
658 2235 777 2318 spiritu
807 2233 964 2297 rationali
994 2233 1169 2299 illustrato
1196 2256 1251 2317 per

133 2326 243 2390 lucem
262 2328 445 2391 caelestem
465 2349 485 2390 a
505 2328 662 2402 Domino,
682 2330 742 2392 sed
762 2327 871 2392 solum
889 2329 1006 2411 spiritu
1026 2329 1186 2392 rationali
1203 2331 1250 2392 in·

133 2419 263 2485 strutio
281 2443 340 2503 per
359 2422 471 2485 lumen
491 2423 643 2486 naturale
662 2424 777 2486 mundi
795 2444 815 2485 a
834 2443 870 2485 se
889 2424 972 2504 ipso,
990 2426 1140 2504 aspexit,
1159 2424 1250 2487 facile

134 2518 280 2597 potuerit
305 2538 324 2578 a
347 2517 439 2579 cultu
462 2520 608 2598 genuino
632 2519 922 2598 repraesentativo
941 2519 1047 2599 abripi
1073 2521 1105 2580 in
1126 2519 1249 2581 cultum

134 2610 392 2684 idololatricum‚
417 2623 451 2674 et
476 2615 521 2674 sic
546 2614 690 2689 vastari;
723 2632 800 2674 nam
824 2614 971 2674 vastatio
996 2633 1065 2674 non
1089 2613 1179 2675 aliud
1202 2623 1250 2675 est

134 2726 234 2786 quam
254 2707 411 2777 deviati0,
429 2706 621 2780 declinati0,
640 2719 673 2769 et
694 2708 850 2787 delapsus
870 2728 889 2768 a
908 2706 1000 2769 cultu
1018 2719 1249 2787 repraesenta·

134 2802 205 2862 tivo
233 2802 264 2862 in
288 2801 555 2877 idololatricum;
587 2804 642 2883 qui
666 2803 732 2864 duo
756 2801 866 2864 cultus
890 2810 967 2862 sunt
992 2802 1120 2864 similes
1144 2802 1250 2883 quoad

134 2894 252 2956 facicm
263 2906 452 2968 externam,
466 2916 532 2957 non
544 2907 657 2958 autem
668 2897 778 2977 quoad
792 2896 909 2958 faciem
923 2898 1104 2958 internam.
1152 2899 1250 2978 Prop-

135 3000 186 3052 ter
210 2990 392 3070 proclivem
417 2991 503 3052 hunc
524 2990 710 3071 delapsum,
730 2991 773 3052 ab
797 3011 862 3053 uno
882 2990 974 3052 cultu
998 2993 1054 3073 qui
1079 2994 1112 3053 in
1136 3013 1173 3054 se
1195 2993 1250 3055 suit

134 3084 290 3147 caelestis
313 3087 346 3146 in
369 3085 512 3146 alterum
536 3087 590 3166 qui
619 3087 651 3147 in
677 3106 712 3147 se
740 3097 811 3147 erat
836 3085 1015 3157 infernalis
1040 3106 1110 3147 non
1135 3098 1250 3168 potue-

134 3190 211 3242 runt
231 3181 390 3242 interiora
410 3180 584 3242 Ecclesiae
608 3192 643 3242 et
667 3180 839 3260 religionis
859 3191 939 3242 ante
959 3179 1163 3243 Adventum
1184 3181 1250 3243 Do·

135 3275 225 3346 mini,
246 3286 280 3336 et
299 3286 378 3337 tunc
404 3296 461 3356 per
481 3274 589 3336 lucem
609 3275 652 3336 ab
675 3275 764 3355 Ipso,
785 3274 935 3347 revelari,
957 3286 1079 3355 utpote
1098 3277 1142 3338 de
1161 3275 1251 3338 caelo

135 3378 169 3430 et
194 3369 331 3441 inferno,
353 3371 395 3431 de
414 3366 667 3441 resurretlione,
688 3380 721 3431 et
746 3370 816 3430 vita
835 3370 1010 3449 spirituum
1034 3391 1153 3433 eorum
1177 3381 1250 3451 post

134 3475 290 3535 mortem,
304 3465 412 3544 deque
425 3465 610 3525 animarum
624 3463 755 3524 illorum
769 3463 1037 3534 immortalitate,
1052 3466 1096 3527 de
1114 3486 1249 3546 regene-

134 3560 275 3628 ratione,
296 3570 329 3620 et
353 3561 385 3620 in
409 3578 540 3620 summa
563 3558 721 3619 interiora
741 3558 783 3620 de
806 3557 870 3620 fide
893 3568 928 3620 et
952 3559 1143 3635 clraritate;
1171 3581 1249 3641 quo·

135 3653 223 3713 niam
241 3653 296 3713 illa
309 3655 522 3734 aspexissent
536 3654 593 3714 vix
607 3652 704 3714 aliter
716 3673 816 3733 quam
830 3654 915 3715 sicut
932 3674 1011 3715 aves
1025 3674 1127 3734 supra
1140 3664 1248 3734 caput,

134 3757 191 3807 aut
205 3748 289 3808 sicut
303 3749 375 3828 quis
388 3759 539 3809 meteora
552 3749 583 3809 in
597 3768 673 3810 aere
687 3769 693 3823 ;
715 3758 749 3809 et
764 3760 937 3828 praeterea
950 3747 1185 3811 obvolvissent
1198 3748 1250 3809 illa

136 3840 234 3901 meris
253 3840 392 3903 sallaciis
412 3862 568 3904 sensuum
589 3852 658 3903 tam
679 3843 783 3903 dense
804 3863 906 3923 usque
926 3851 962 3903 ut
987 3861 1055 3902 non
1075 3844 1249 3924 quicquam

135 3935 176 3996 de
200 3935 357 3997 revelatis
376 3936 601 4017 spiritualibus
625 3947 777 3998 exstaret
804 3937 981 4007 residuum,
1003 3937 1065 3996 nisi
1091 3948 1249 4018 quantum

133 4048 178 4090 ex
197 4027 279 4091 sacie
298 4051 386 4110 apex
407 4032 488 4102 nasi,
508 4042 565 4093 aut
585 4051 629 4093 ex
649 4031 802 4093 manibus
822 4031 940 4110 unguis
959 4031 1079 4110 digiti;
1112 4042 1147 4095 et
1171 4052 1249 4114 quo·

133 4144 198 4203 que
218 4124 462 4188 deformassent
482 4125 538 4187 illa
558 4127 660 4188 itaut
680 4145 794 4187 coram
811 4124 941 4204 angelis
961 4144 1029 4186 non
1050 4136 1249 4208 apparerent

133 4219 230 4281 aliter
243 4240 342 4301 quam
359 4221 444 4282 sicut
462 4231 649 4283 monstrum
664 4221 827 4281 marinum
840 4216 998 4280 amictum
1013 4220 1130 4300 pallio,
1145 4221 1249 4303 quoad

133 4324 233 4394 caput
254 4315 362 4386 mitra,
383 4324 417 4377 et
441 4315 551 4396 quoad
575 4314 704 4388 saciem,
725 4325 904 4395 postquam
928 4313 1011 4374 haec
1038 4336 1116 4378 rasa
1139 4328 1173 4379 et
1197 4336 1249 4377 co-

133 4408 241 4470 lorata
257 4419 320 4484 est,
334 4409 419 4472 sicut
433 4410 528 4471 simia
544 4410 595 4472 cui
612 4409 712 4472 iacies
728 4407 824 4471 calva
840 4418 911 4470 est:
937 4417 972 4470 et
989 4428 1127 4491 quoque
1143 4428 1249 4473 coram
