2776 5040
304 487 483 537 ECCLESIA
501 485 685 551 ANTIQUA.
735 486 1010 538 PROLOGUS.-N
1035 490 1087 553 40.
1218 488 1252 555 51

517 804 535 847 Χ

522 1032 663 1082 IAEMMA
693 1033 873 1084 TERTIUM.

132 1240 212 1314 DE
250 1240 502 1314 ECCLESlA
541 1241 833 1324 NOACHICA
869 1243 969 1317 SEU
1006 1242 1254 1338 ANTIQUA

461 1360 632 1458 HUJUS
658 1362 934 1436 TELLURIS.

200 1792 275 1859 39.
306 1775 475 1857 Quoniam
506 1778 616 1841 omnis
646 1777 803 1842 Ecclesia
833 1787 886 1841 est
917 1778 1014 1853 trina,
1046 1777 1165 1840 intima
1194 1798 1253 1842 seu

133 1870 307 1946 caelestis,
332 1872 443 1934 media
466 1893 524 1935 seu
551 1873 741 1954 spiritualis,
766 1883 801 1936 et
828 1882 972 1935 externa
998 1892 1056 1935 seu
1080 1872 1252 1948 naturalis,

134 1965 215 2027 ideo
234 1973 304 2027 tres
326 1964 383 2028 filii
405 1965 537 2028 suerunt
561 1966 714 2039 Noacho,
735 1975 770 2029 et
793 1987 853 2048 per
875 1965 1107 2028 “Schemum”
1127 1965 1254 2048 signifi·

134 2069 236 2122 catur
258 2058 413 2122 Ecclesia
436 2060 555 2122 intima
577 2081 636 2122 seu
659 2059 827 2134 caelestis,
852 2077 911 2143 per
935 2059 1166 2141 “Japhetum”
1184 2059 1254 2123 Ec-

134 2152 242 2217 clesia
269 2154 379 2216 media
405 2150 464 2217 se'u
490 2154 682 2236 spiritualis,
710 2164 745 2217 et
772 2175 831 2237 per
857 2153 1074 2218 “Chamum”
1097 2153 1253 2218 Ecclesia

135 2257 282 2311 externa
299 2268 357 2310 seu
370 2248 540 2311 naturalis.
586 2248 689 2330 Apud
705 2270 790 2332 quos
802 2258 917 2312 autem
934 2269 998 2311 una
1015 2248 1172 2311 Ecclesia
1188 2258 1251 2324 est,

135 2352 173 2406 et
196 2342 285 2423 apud
309 2363 392 2424 quos
415 2342 524 2406 altera
547 2353 582 2406 et
605 2344 717 2417 tertia,
742 2353 778 2406 ut
802 2353 837 2406 et
860 2342 976 2425 quales
1000 2352 1078 2405 sunt
1102 2344 1134 2405 in
1158 2364 1195 2406 se
1217 2353 1253 2407 et

135 2436 227 2498 inter
245 2456 291 2510 se,
310 2456 377 2499 non
393 2449 494 2500 vacat
512 2438 565 2500 hic
589 2437 798 2515 describere;
822 2447 901 2500 sunt
917 2437 1006 2500 enim
1023 2436 1118 2510 caeli,
1137 2457 1252 2518 supre-

135 2547 241 2603 mum,
262 2531 419 2605 medium,
440 2541 475 2594 et
493 2529 668 2603 infimuml¹¹
685 2533 803 2613 quibus
822 2541 891 2594 tres
912 2530 958 2593 illi
983 2531 1106 2611 gradus
1129 2530 1252 2595 Eccle-

135 2623 207 2686 siae
220 2625 496 2706 correspondent.
541 2625 720 2689 Praeterea
733 2625 906 2688 Noachica
919 2625 1013 2698 haec,
1028 2645 1086 2687 seu
1099 2623 1252 2707 Antiqua

136 2716 305 2793 Ecclesia,
320 2739 378 2800 per
388 2729 498 2782 totam
509 2718 629 2782 Asiam
642 2720 792 2802 dispersa
803 2719 874 2793 suit,
889 2717 1049 2800 imprimis
1062 2719 1096 2781 in
1107 2717 1250 2799 Syriam,

136 2811 434 2894 Mesopotamiam,
453 2813 641 2894 Assyriam,
660 2813 878 2886 Chaldaeam,
896 2813 1036 2875 Terram
1056 2811 1250 2876 Canaanem

135 2914 174 2969 et
200 2907 337 2969 vicinias
364 2906 443 2987 ejus,
468 2907 720 2981 Philisthaeam,
745 2907 956 2989 Aegyptum,
982 2907 1120 2987 Tyrum,
1150 2907 1251 2969 Zido·

136 3019 227 3074 nem,
253 3001 420 3076 Ninivem,
445 3012 479 3065 et
502 3023 635 3084 quoque
657 3003 691 3064 in
714 3001 877 3064 Arabiam
901 3012 936 3064 et
959 3000 1190 3082 Aethiopiam,
1211 3021 1250 3065 ac

135 3096 301 3176 temporis
323 3092 433 3158 tractu
455 3097 488 3158 in
508 3097 697 3159 Tartariam
718 3096 892 3177 Magnam,
913 3106 947 3158 et
970 3094 1093 3157 abinde
1112 3096 1251 3159 deorsus

135 3209 242 3270 usque
261 3190 303 3252 ad
323 3189 468 3252 Pontum
488 3190 670 3264 Euxinum,
691 3200 726 3253 et
745 3191 788 3252 ab
807 3191 870 3252 hoc
890 3191 922 3252 in
943 3209 1062 3252 omnes
1080 3187 1251 3252 distridlus

136 3281 283 3346 Africae.
329 3281 430 3364 Quod
449 3294 571 3365 gentes
590 3285 696 3347 ubivis
715 3295 878 3348 terrarum
902 3282 1048 3346 incultu
1071 3302 1116 3346 ex
1139 3282 1251 3366 aliqua

135 3377 300 3458 religione
316 3377 447 3453 suerint,
466 3388 583 3441 notum
600 3389 673 3457 est;
696 3399 735 3442 ac
752 3378 871 3460 religio
890 3397 957 3440 non
977 3376 1097 3440 dabilis
1116 3387 1168 3440 est
1188 3379 1250 3442 nisi

136 3491 197 3554 per
219 3472 387 3554 quandam
410 3472 649 3548 revelationem,
673 3483 708 3536 et
732 3494 790 3555 per
812 3471 908 3552 hujus
931 3472 1212 3553 propagationem
1231 3493 1250 3538 a

136 3575 243 3647 gente
258 3566 301 3629 ad
317 3576 469 3647 gentem,
489 3565 554 3650 [ut]
574 3567 728 3631 videatur
743 3569 890 3649 inopere
906 3566 1143 3648 praecedente,
1165 3565 1250 3630 Vere

139 3657 339 3725 Chrestiana
363 3660 494 3742 Religio
521 3661 568 3742 (n.
596 3661 776 3744 273-276);
811 3661 865 3723 ubi
889 3660 995 3724 etiam
1022 3657 1167 3723 evidtum
1198 3671 1250 3724 est

136 3754 227 3836 quod
246 3764 327 3817 ante
346 3753 497 3819 Verbum
517 3754 738 3819 Israeliticum
757 3755 853 3818 suerit
873 3752 1035 3828 Verbum,
1052 3754 1142 3836 quod
1162 3764 1249 3817 tem·

137 3868 218 3930 pore
236 3848 448 3930 deperditum
467 3859 539 3927 est;
563 3849 623 3912 sed
647 3870 749 3932 usque
768 3870 813 3912 ex
833 3849 956 3912 Divina
976 3847 1113 3910 Domini
1133 3846 1248 3912 Provi-

137 3942 254 4005 dentia
276 3944 309 4005 in
328 3943 483 4007 Tartaria
506 3942 633 4025 Magna
655 3952 905 4017 conservatum,
925 3962 970 4004 ex
995 3939 1090 4024 [quo]
1115 3940 1248 4005 illorum

138 4034 249 4098 cultus
268 4011 413 4099 Divinus·
424 4057 527 4119 usque
550 4038 593 4100 ad
616 4036 717 4100 hodie
736 4048 808 4114 est;
837 4037 879 4100 de
898 4057 965 4119 quo
983 4037 1086 4098 etiam
1105 4036 1139 4098 in
1158 4033 1250 4098 didio

138 4150 240 4211 opere
261 4128 307 4212 (n.
325 4130 480 4209 264-266,
498 4129 585 4213 279).

200 4240 275 4308 4ο.
308 4222 392 4305 Quis
407 4224 530 4288 infitias
546 4227 591 4288 ire
608 4234 723 4308 potest
738 4225 816 4307 quin
833 4224 1189 4309 universum-creatum
1205 4221 1249 4285 sit

138 4329 276 4401 propter
308 4319 491 4383 humanum
518 4340 636 4402 genus,
665 4328 701 4382 ut
732 4340 777 4383 ex
806 4318 865 4382 illo
894 4318 1093 4382 formaretur
1118 4315 1249 4380 caelum

138 4413 328 4494 angelicum
347 4415 381 4477 in
400 4434 467 4498 quo
483 4414 575 4478 Deus
593 4415 627 4477 in
645 4414 795 4477 dominio
813 4412 940 4494 gloriae
959 4431 1039 4475 suae
1058 4409 1250 4474 habitaret?
