2776 5040
136 408 179 475 74
610 404 783 457 conotus.

136 588 171 642 et
195 576 336 642 offendit
359 574 517 642 doctores
540 578 707 653 mitratos,
731 587 767 641 et
790 577 975 659 magistros
999 577 1182 652 laureatos,
1201 577 1238 662 qui

136 684 313 756 exponunt
340 672 397 735 illa
423 674 575 736 terminis
597 694 642 736 ex
665 684 740 737 arte
762 672 999 756 metaphysica
1023 675 1241 744 commodatis.

135 788 174 831 ac
191 768 368 832 involvunt
387 767 444 831 illa
460 770 622 849 mysticis,
636 769 699 832 nisi
715 769 788 851 quis
803 768 889 832 alius
904 768 1081 834 discindat
1098 769 1242 835 vocabula

135 862 202 937 illa,
219 872 255 926 et
274 865 320 927 sic
340 863 512 945 implicata
527 865 685 937 extricet,
702 875 737 927 et
756 884 802 928 ex
818 863 947 940 Verbo,
964 865 1015 928 ita
1034 886 1082 929 ex
1102 864 1242 938 Domino,

136 955 254 1021 sancta
272 958 447 1021 Ecclesiae
466 959 639 1022 emitteret
661 959 694 1021 in
713 946 838 1021 claram
858 957 979 1022 lucem.
1026 958 1161 1024 Annon
1177 960 1244 1022 alio

135 1054 191 1135 qui
216 1051 418 1115 falsitatibus
442 1052 485 1115 de
507 1050 573 1116 fide
595 1063 630 1115 et
657 1054 690 1116 in
713 1052 849 1136 reliquis
871 1053 1107 1135 dogmatibus,
1131 1074 1245 1137 quaer

135 1156 266 1210 statuta
290 1145 355 1210 fide
382 1148 468 1210 sicut
495 1148 571 1210 unci
597 1158 741 1212 catenae
767 1169 787 1211 a
813 1158 907 1212 stato
932 1157 969 1211 et
996 1147 1108 1213 affixo
1135 1151 1246 1231 pariete

135 1243 247 1324 capite
260 1243 475 1305 continenter
488 1243 649 1324 pendent,
663 1242 914 1307 incantaretur?
950 1241 1119 1307 Similiter
1130 1243 1246 1307 ioretin

135 1336 392 1410 tentationibus,
405 1346 440 1400 et
451 1346 531 1400 tunc
542 1337 813 1402 infestationibus
824 1359 844 1400 a
857 1339 997 1414 satanis,
1009 1339 1075 1402 nisi
1085 1337 1246 1403 confiden-

136 1442 188 1494 ter
203 1431 368 1514 aspiceret
386 1431 579 1505 Dominum,
596 1441 631 1494 et
647 1433 692 1495 ab
708 1432 787 1514 Ipso
803 1432 878 1496 solo
893 1450 1032 1496 omnem
1050 1433 1247 1498 liberationis

134 1547 272 1609 operam
295 1537 331 1591 et
354 1546 454 1609 opem
477 1537 660 1609 satageret.
706 1528 847 1609 Propter
868 1527 931 1591 has
953 1546 1077 1592 causas
1100 1531 1202 1593 toties
1220 1531 1247 1592 iu

135 1620 252 1686 Verbo
264 1621 393 1686 Vetere
405 1623 617 1705 Prophetico,
634 1619 825 1705 praedictus
840 1633 893 1686 est
906 1622 1095 1689 Adventus
1112 1626 1247 1697 Domini,

135 1729 170 1781 et
189 1717 278 1800 quod
297 1727 436 1799 propter
454 1718 591 1780 easdem
607 1738 725 1781 causas
743 1719 777 1781 in
793 1716 911 1782 Verbo
927 1718 1030 1783 Novo
1046 1720 1248 1804 Evangelico

134 1822 170 1876 et
189 1811 394 1895 Apostolico
409 1813 623 1894 praedicatus
641 1823 694 1877 est
714 1812 890 1887 Dominus,
907 1824 943 1878 et
962 1816 1136 1879 secundus
1151 1816 1249 1901 Ipsius

134 1906 317 1971 Adventus
336 1904 545 1989 praedictum
570 1908 613 1971 de
631 1928 697 1990 quo
715 1908 748 1970 in
768 1909 996 1991 sequentibus.

198 2002 273 2066 6⁰·
303 2000 493 2084 Sequentur
512 2021 599 2065 nunc
619 2000 773 2066 Colledta
791 2003 834 2066 de
852 2003 1020 2068 Adventu
1042 2005 1192 2081 Domini,
1210 2025 1248 2069 ex

133 2096 319 2178 prophetiis
339 2095 443 2160 Verbi
462 2096 609 2173 Veteris,
629 2109 811 2180 quaesunt
832 2096 968 2182 [haec]:

182 2245 304 2311 Jehovah
324 2246 396 2296 Deus
414 2246 489 2304 dixit,
511 2245 605 2296 “Ecce
623 2248 701 2302 veni:
725 2247 753 2296 in
771 2247 908 2297 volumine
926 2247 999 2298 Libri
1017 2251 1150 2313 scriptum
1167 2251 1249 2302 eorde

266 2312 311 2361 Me
319 2312 334 2331 ''
346 2312 455 2373 (psalm.
467 2313 503 2362 xl.
516 2309 585 2376 8[B.
597 2314 632 2363 A.
643 2308 697 2376 7]);

185 2378 331 2443 “Jehovah
341 2378 414 2428 Deus
422 2378 488 2428 dixit
496 2378 618 2441 Serpenti
620 2416 697 2436 .....
708 2375 867 2428 Maledic‘lus
875 2388 944 2431 esto.
979 2415 1047 2433 ....
1085 2382 1248 2433 Inimicitiam

265 2458 364 2507 ponam
376 2445 446 2494 inter
462 2452 488 2493 te
505 2453 532 2493 et
550 2444 697 2503 mulierem,
711 2454 738 2493 et
756 2443 825 2494 luter
835 2458 929 2494 semen
942 2455 1017 2495 tuum
1030 2457 1058 2496 et
1077 2448 1174 2498 Semen
1187 2449 1246 2511 ejus.

264 2521 290 2558 et
311 2509 547 2638 {loclconculcabit
565 2511 612 2559 tibi
629 2520 717 2573 caput,
732 2520 760 2559 tu
777 2518 866 2559 autem
884 2511 975 2560 laedes
988 2512 1146 2563 calcaneum
1156 2515 1170 2534 '⁹
1181 2515 1247 2575 (Gen.

264 2576 301 2626 iii.
328 2589 366 2634 14.
394 2576 449 2635 15l;

186 2644 202 2664 ¹¹
213 2641 273 2690 Non
287 2642 390 2690 recedet
404 2652 537 2702 sceptrum
556 2658 572 2689 a
589 2642 719 2706 Jehudah.
734 2656 782 2690 nec
800 2641 940 2703 legislator
951 2643 985 2691 ab
1002 2644 1075 2693 inter
1092 2647 1174 2707 pedes
1185 2646 1245 2706 ejus,

265 2721 347 2769 usque
359 2708 422 2755 dum
436 2707 525 2755 ueniat
537 2706 659 2763 Schiloh;
686 2706 756 2757 Huic
768 2707 896 2757 adhaesio
908 2709 1071 2771 populorum
1080 2710 1094 2729 '¹
1106 2711 1179 2773 (Gen.
1189 2712 1245 2760 xlix.

264 2772 354 2834 sul:

134 2909 165 2969 in
185 2906 383 2988 prophetico
403 2906 536 2968 Israelis
557 2907 663 2969 Patris
683 2908 725 2970 de
745 2905 818 2970 tiliis
838 2908 916 2970 suis.

185 3058 201 3078 '¹
209 3056 317 3177 Orietu)r
329 3054 410 3103 Stella
422 3070 454 3103 ex
470 3055 579 3119 jacobo.
594 3065 620 3103 et
632 3067 722 3118 surget
734 3057 872 3120 Sceptrum
884 3070 918 3105 ex
937 3055 1037 3106 Israele
1046 3056 1061 3077 ''
1074 3059 1169 3119 (Num.
1180 3060 1245 3109 xxiv.

266 3131 295 3178 17
316 3134 321 3174 :

184 3186 202 3211 ⁴⁶
211 3184 371 3247 Prophetam
385 3200 399 3233 e
412 3186 508 3240 medio,
523 3187 557 3235 de
570 3186 694 3235 iratribus
708 3188 767 3245 tuis,
781 3187 849 3236 sicut
861 3202 913 3244 me,
927 3188 1053 3238 excitabit
1065 3190 1114 3240 tibi
1132 3190 1246 3255 Jehovab

266 3249 339 3300 Deus
357 3259 435 3307 tuus:
459 3251 528 3300 Huic
549 3252 686 3305 obedietis.
831 3252 864 3302 Et
884 3254 955 3301 dabo
973 3255 1056 3303 verba
1076 3270 1139 3305 mea
1159 3257 1184 3305 in
1205 3270 1247 3305 ore

264 3314 337 3377 Ejus.
471 3317 549 3366 Unde
564 3318 608 3367 fiet
623 3318 693 3402 quod
706 3319 746 3367 vir
760 3318 804 3380 qul
819 3332 873 3366 non
888 3318 1035 3368 obediverit
1050 3316 1244 3379 verbis”Ejtt‹,

264 3380 347 3442 “Ego
359 3395 484 3444 quaeram
497 3397 557 3431 cum
571 3383 630 3431 illo'
651 3383 754 3444 (Deutr,
767 3383 839 3431 xviii,
854 3383 961 3445 15-19);

184 3456 202 3478 ‘¹
212 3452 265 3503 Dat
274 3452 380 3500 Adonai
394 3450 455 3513 Ipse
465 3451 542 3499 vobis
555 3452 661 3512 signum
673 3463 679 3506 ;
698 3448 765 3497 Ecce
774 3449 857 3510 Virgo
866 3449 999 3510 concipiet
1011 3459 1038 3497 et
1051 3451 1137 3512 pariet
1148 3450 1245 3506 Filium.

264 3526 291 3566 et
304 3519 408 3565 vocabit
422 3530 530 3572 nornen,
547 3515 618 3564 Deus
632 3511 812 3565 nobiscuml¹l”
824 3513 909 3573 (Esar.
922 3514 967 3564 vii.
980 3512 1039 3574 14);

185 3583 281 3633 “Puer
301 3593 380 3631 natus
401 3591 442 3631 est
463 3582 550 3638 nobis,
572 3580 653 3630 Filius
673 3581 751 3629 datus
772 3590 812 3629 est
833 3579 920 3635 nobis,
942 3594 1023 3641 super
1044 3579 1122 3641 cujus
1142 3581 1248 3629 humero

265 3647 450 3710 Principatus;
469 3647 607 3695 vocabitur
626 3646 730 3695 Nomen
744 3645 809 3707 Ejus
823 3644 962 3701 Mirabilis,
977 3645 1156 3704 consilarius,
1169 3646 1246 3699 Dm,

266 3712 364 3772 Heros,
386 3713 465 3762 Pater
481 3713 655 3770 aeternitatis,
677 3712 803 3772 Princeps
821 3711 902 3773 pacis.
946 3709 1140 3773 Multiplicanti
1159 3711 1249 3775 princi·

265 3788 355 3841 patum
369 3794 423 3826 non
436 3780 486 3827 erit
499 3778 558 3826 finis
572 3777 586 3797 ''
598 3775 682 3834 (Esai.
693 3778 727 3825 ix.
740 3789 762 3835 5,
772 3778 788 3824 6
797 3774 843 3840 [B.
853 3778 877 3825 Α
882 3813 888 3824 .
898 3775 922 3832 6.
933 3772 972 3838 7]l
983 3791 989 3829 ;

186 3843 302 3893 “Exibit
318 3844 401 3905 Virga
421 3844 454 3892 de
473 3854 567 3892 trunco
584 3842 704 3906 lischaji,
724 3852 751 3890 et
769 3842 890 3891 surculus
910 3856 926 3889 e
947 3841 1035 3889 radice
1057 3842 1117 3903 ejus
1139 3839 1248 3891 imaum

265 3910 341 3958 ieret.
379 3910 505 3972 Quiescet
527 3923 608 3970 super
632 3908 670 3956 Eo
694 3908 802 3969 spiritus
826 3907 973 3968 sapientiae
997 3918 1025 3956 et
1048 3908 1247 3970 intelligentiae.

265 3976 374 4036 spiritus
387 3975 493 4023 concilii
506 3984 532 4022 et
545 3973 650 4022 virtutis
660 3972 674 3991 ”
686 3972 771 4033 (Esai.
783 3973 819 4021 xi.
833 3972 906 4032 1-5);

186 4039 244 4091 “In
257 4040 299 4089 die
312 4040 358 4088 illo
373 4040 497 4089 Radicem
512 4039 631 4103 Jischaji,
645 4053 713 4101 quae
726 4048 800 4087 stans
814 4037 959 4099 insignum
973 4039 1145 4101 populorum,
1160 4047 1251 4102 gentes

265 4115 401 4169 quaerent,
416 4116 443 4155 et
454 4107 504 4154 erit
516 4105 591 4168 quies
605 4104 669 4167 Ejus
681 4105 767 4166 gloria
773 4103 787 4123 '’
799 4102 883 4165 (Esai.
895 4102 930 4152 xl.
944 4101 1001 4162 10);

186 4170 311 4221 “Mittite
329 4186 428 4232 agnum
448 4171 631 4220 Dominatoris
649 4179 735 4219 terrae
753 4170 786 4218 de
804 4179 880 4231 petra
896 4182 991 4217 versus
1009 4170 1165 4224 desertum:

266 4237 386 4286 firmatus
398 4246 439 4286 est
457 4251 504 4299 per
520 4236 729 4284 misericordiam
748 4236 860 4283 thronus
880 4233 954 4295 Ejus,
969 4243 996 4283 et
1015 4232 1205 4299 sedit1¹1super
1220 4249 1251 4284 eo

265 4303 292 4352 in
311 4304 423 4351 veritate
442 4303 468 4350 in
487 4301 659 4350 tabernaculo
673 4300 792 4357 Davidis,
806 4299 929 4362 judicans
941 4308 969 4349 et
980 4315 1117 4363 quaereus
1129 4301 1251 4365 judicium

265 4378 292 4418 et
304 4369 436 4419 festinans
447 4368 577 4430 justitiam
586 4366 600 4386 ”
612 4365 696 4428 (Esai,
708 4365 762 4415 xvi.
776 4377 797 4424 1,
811 4364 850 4427 5);
