2776 5040
322 495 372 547 22
394 493 478 563 2]οε
501 468 704 548 noemma
720 495 993 548 osannam-u.
1010 495 1061 564 27.
1210 497 1253 564 29

218 664 278 718 uod
291 661 411 718 22202220
423 663 484 719 veri
497 674 528 719 et
541 660 659 719 22202220
672 663 743 719 220222
757 663 787 718 in
801 662 927 717 naturali
941 663 1063 719 homine
1075 678 1108 718 se
1123 663 1253 720 habeant

136 743 168 869 pt
194 744 272 869 mag
287 744 318 789 et
336 750 429 797 20202,
443 735 471 789 in
491 735 635 806 spirituali
650 745 751 789 autem
765 734 887 788 homine
905 744 939 787 ut
953 734 1044 789 viret
1060 735 1127 805 ejus
1146 735 1253 789 mulier

149 819 177 858 22.
191 818 221 872 32
275 845 282 858 .

189 921 279 993 Quod
307 938 380 993 pura
396 939 468 979 vera
485 939 545 978 non
568 923 677 978 dentur
694 923 773 994 apud
795 923 955 986 hominem.
974 938 1012 978 ne
1032 922 1153 994 quidem
1172 923 1252 993 apud

135 993 285 1063 angelum.
298 993 351 1048 sed
364 994 460 1048 solum
474 993 553 1064 apud
568 993 731 1048 Dominum
746 997 786 1062 (22.
800 1006 876 1061 3207,
889 996 980 1062 7902).

217 1063 278 1116 uod
292 1079 363 1118 vera
374 1064 454 1134 apud
468 1065 619 1118 hominem
632 1065 693 1119 sint
705 1064 894 1133 apparentiae
906 1064 968 1118 veri
984 1065 1023 1136 (n.
1035 1075 1111 1134 2053,
1122 1065 1213 1132 2529).

240 1132 280 1186 od
293 1133 389 1203 prima
397 1149 468 1188 vera
478 1134 558 1205 apud
571 1134 723 1188 hominem
736 1135 796 1188 sint
808 1134 996 1204 apparentiae
1008 1134 1070 1189 veri
1079 1151 1116 1189 ex
1129 1133 1252 1190 fallaciis

133 1217 286 1327 senguum,
298 1219 375 1342 puae
393 1215 492 1259 tamen
511 1205 678 1260 successive
696 1214 852 1266 exuuntur,
865 1204 942 1258 sicut
960 1205 1059 1276 quoad
1074 1204 1251 1275 sapientiam

210 1283 289 1327 citur
314 1290 342 1328 n.
376 1288 386 1326 2
411 1289 421 1327 2
439 1315 445 1328 .

134 1288 173 1343 pe
188 1341 278 1414 Quod
292 1275 482 1425 appgrgniiae
495 1345 557 1400 veri
569 1344 649 1415 apud
663 1344 814 1399 homiuem
829 1343 880 1416 qui
896 1344 926 1398 in
942 1345 1024 1401 bono
1041 1356 1095 1408 022,
1108 1344 1252 1417 recipian-

133 1422 216 1467 tura
230 1412 361 1469 Domino
375 1430 430 1483 pro
441 1415 519 1470 veris
534 1418 573 1482 (n.
588 1428 664 1483 2053,
678 1417 769 1482 3207).

187 1480 269 1554 Quid
288 1495 319 1538 et
337 1486 439 1555 quales
457 1486 648 1556 apparentiae
662 1484 724 1539 veri
745 1487 787 1553 (n.
807 1497 883 1554 3207,
903 1484 1067 1555 3357-3362,
1077 1484 1154 1554 3368,
1174 1499 1251 1556 3404,

133 1567 188 1763 ΞΣ
206 1556 395 1679 &Remus
410 1625 527 1681 litterae
540 1625 630 1681 Verbi
650 1625 759 1695 pluries
771 1625 811 1680 sit
825 1626 989 1680 secundum
1003 1626 1191 1697 apparentias
1211 1632 1251 1694 (0.

218 1764 279 1818 uod
292 1764 395 1819 eadem
405 1781 476 1821 vera
487 1766 566 1837 apud
580 1783 672 1821 unum
685 1767 746 1821 sint
759 1766 853 1839 magis
862 1782 940 1829 2022,
950 1765 1030 1839 apud
1041 1766 1133 1822 alium
1144 1766 1251 1830 minus,

132 1842 164 1888 et
177 1849 195 1886 a
217 1833 258 1887 ud
271 1835 361 1888 alium
375 1835 448 1891 falsa
459 1837 530 1908 quia
541 1836 696 1893 falsificata
710 1838 749 1906 (22.
764 1839 853 1907 2439).

239 1905 279 1959 022
298 1920 369 1960 vera
385 1906 475 1960 etiam
497 1908 557 1961 sint
575 1923 646 1962 vera
666 1908 830 1962 secundum
854 1907 1149 1978 correspondentiam
1174 1907 1252 1963 222202

133 1975 301 2029 naturalem
313 1986 344 2030 et
357 1976 539 2046 spiritualem
554 1978 706 2032 hominem
722 1979 762 2046 (n.
776 1978 852 2047 3228,
866 1978 956 2047 3238).

187 2041 278 2114 Quod
293 2061 363 2100 vera
376 2045 520 2101 differant
538 2048 700 2109 secundum
719 2049 815 2103 varias
834 2048 916 2104 ideas
937 2058 968 2103 et
988 2049 1192 2120 perceptiones
1213 2048 1251 2104 de

135 2113 195 2168 22222
211 2118 251 2182 (22.
266 2129 342 2183 3470,
357 2117 434 2187 3804,
446 2117 537 2185 6927).

188 2230 279 2306 Quod
297 2250 408 2298 verum,
423 2251 491 2290 cum
511 2233 705 2307 conjuni'ium
721 2248 768 2293 est
786 2239 874 2301 bono,
890 2248 1047 2294 evanescat
1063 2253 1081 2294 e
1100 2238 1251 2301 memoria,

134 2303 205 2374 quia
217 2313 290 2358 tunc
302 2304 336 2358 fit
347 2305 425 2360 vitae
440 2307 480 2374 (n.
494 2306 583 2375 3108).

238 2375 278 2429 od
291 2390 362 2429 vera
373 2386 522 2446 nequeant
534 2377 676 2448 conjungi
690 2378 771 2433 bono
784 2378 839 2433 nisi
853 2379 883 2432 222
896 2387 976 2434 statu
989 2378 1084 2434 libero
1097 2380 1137 2447 (n.
1152 2378 1242 2449 3258).

238 2445 278 2499 022
300 2460 371 2500 vera
394 2446 614 2518 conjungantur
636 2448 715 2502 bono
737 2464 789 2519 per
807 2449 989 2506 tentationes
1012 2451 1052 2519 (n.
1075 2448 1152 2519 3328,
1172 2461 1251 2519 4572,

136 2526 205 2579 7222
220 2555 227 2568 .

238 2585 278 2639 od
292 2585 373 2639 bono
386 2585 456 2641 insit
468 2587 629 2643 continuus
641 2598 767 2645 conatus
780 2588 938 2644 ordinandi
950 2605 1028 2653 vera,
1038 2598 1070 2645 et
1083 2588 1139 2644 sibl
1155 2603 1208 2660 per
1221 2588 1250 2643 id

135 2664 246 2709 statum
261 2655 436 2711 restituendi
451 2658 491 2724 (22.
505 2657 595 2726 3620).

187 2722 277 2796 Quod
293 2742 364 2781 vera
382 2738 545 2797 appareant
560 2728 722 2799 injucunda
736 2744 805 2785 cum
821 2729 1007 2801 intercipitur
1017 2728 1252 2786 communicatio

134 2809 202 2850 cum
216 2795 298 2850 bono
314 2797 354 2864 (n.
368 2796 458 2865 8352).

186 2862 277 2937 Quod
291 2866 384 2921 homo
396 2882 482 2938 aegre
495 2867 677 2940 distinguere
691 2870 786 2941 possit
798 2870 877 2925 inter
888 2885 991 2926 verum
1004 2879 1035 2926 et
1046 2870 1169 2932 bonum.
1180 2868 1252 2941 quia

133 2950 219 3007 aegre
233 2936 313 2990 inter
323 2936 455 3006 cogitare
467 2948 499 2992 et
510 2938 588 2993 velle
602 2941 643 3007 (n.
656 2941 747 3011 9995).

234 3006 274 3060 od
288 3007 403 3062 bonum
417 3006 447 3061 in
457 3006 557 3062 Verbo
570 3008 687 3065 dicatur
695 3018 711 3040 ⁴⁸
720 3010 810 3066 222202
817 3010 833 3031 ”
844 3010 907 3066 veri
922 3012 962 3081 (22.
973 3010 1065 3080 4267).

233 3076 274 3130 od
285 3076 378 3132 etiam
389 3076 419 3130 222
429 3087 512 3133 00220
521 3076 657 3150 20200620
667 3081 781 3136 bonum
791 3079 1139 3144 dicatur“domiuus.”et
1146 3095 1251 3136 vetum

132 3152 256 3201 “servus
264 3145 280 3167 ”
293 3149 334 3213 (n.
348 3160 426 3216 3409,
438 3148 529 3215 4267).
