2776 5040
544 516 604 573 DE'
621 520 853 572 erratuum
1208 516 1256 592 ‘13

359 687 398 742 Ἰ.
424 687 496 745 Quod
510 687 601 740 mum
617 686 734 739 internae
752 686 890 740 voluntatis
905 685 944 741 ait
961 685 1096 765 protimus
1111 686 1157 765 qui
1170 696 1259 740 amun·

469 753 749 872 gp:‚u;;'e;rorzmitonum
770 757 892 806 externae
910 753 1055 812 roiuntntn.
1067 767 1118 806 mu
1134 753 1183 806 loo
1202 768 1260 807 eum

371 905 406 957 8.-
422 904 495 960 uuor
511 918 598 957 rerum
615 904 652 957 u'r
666 902 806 971 proniores.
824 908 945 972 quantum
962 904 990 956 id
1005 905 1171 972 proceditur
1189 905 1258 963 bono.

468 985 500 1024 ac
516 985 594 1024 unum
611 970 675 1023 neit
689 970 760 1023 sicut
774 972 857 1023 forma
874 975 903 1024 ot
916 971 1039 1025 mentia.
1239 1000 1242 1005 -

131 1162 154 1215 1.
182 1161 256 1218 Quod
271 1161 346 1213 homo
363 1174 412 1212 non
429 1159 467 1213 ait
480 1159 554 1212 homo
571 1175 603 1212 er
616 1163 705 1217 menn.
722 1160 772 1214 rod
787 1174 820 1213 aa
836 1160 900 1214 bono
917 1165 945 1213 rt
962 1174 1022 1213 mo
1033 1160 1104 1227 apud
1117 1159 1199 1220 illum,
1212 1174 1261 1214 σου

235 1228 306 1296 quod
319 1227 394 1285 idern.
412 1241 444 1279 or
458 1229 586 1280 voluntate
603 1232 632 1279 ot
646 1226 789 1280 intellectu.

201 1341 485 1425 Quodvoluntas
507 1352 543 1407 et
574 1339 766 1418 intellectus
789 1343 857 1407 sint
886 1343 958 1425 ipse
987 1343 1101 1418 hom0,
1125 1353 1161 1407 et
1191 1363 1258 1406 non

134 1437 254 1512 forma,
268 1457 353 1519 quae
368 1447 509 1518 apparet
525 1437 611 1501 sicut
627 1436 730 1500 homo
745 1436 828 1500 facie
843 1447 879 1500 et
895 1456 1046 1518 corpore,
1063 1446 1182 1500 notum
1195 1447 1257 1500 est.

136 1529 224 1595 Sunt
240 1531 376 1613 quidam
400 1529 497 1594 stulti
519 1540 554 1594 et
577 1531 695 1605 insani,
711 1541 747 1594 et
769 1540 935 1612 apparent
957 1551 1061 1612 usque
1083 1530 1258 1606 homines;
1343 1556 1347 1567 ·

137 1635 216 1688 sunt
233 1624 368 1707 quidam
385 1625 432 1686 ita
448 1622 618 1687 naturales
634 1634 670 1687 ut
686 1624 753 1687 sint
769 1625 855 1686 sicut
871 1623 1039 1698 animalia,
1053 1625 1155 1688 modo
1168 1625 1258 1706 quod

136 1719 270 1800 possint
293 1717 403 1800 loqui;
427 1727 506 1781 sunt
535 1717 589 1780 alii
619 1716 801 1781 rationales
830 1728 866 1781 et
895 1716 1095 1799 spirituales.
1140 1717 1258 1781 Potest

137 1811 244 1876 forma
259 1812 378 1876 horum
394 1811 541 1875 humana
563 1810 779 1893 impulchrior
793 1831 965 1893 apparere,
982 1811 1042 1875 sed
1060 1831 1164 1893 usque
1179 1822 1258 1874 sunt

137 1906 213 1986 plus
228 1905 383 1969 homines
399 1924 499 1987 quam
515 1903 581 1982 illi;
604 1904 695 1968 auser
716 1905 842 1968 bonum
858 1915 893 1969 et
909 1924 1024 1968 verum
1047 1905 1091 1968 ab
1112 1904 1189 1979 illis,
1205 1915 1259 1968 est

136 1999 246 2062 forma
260 1998 407 2062 humana
421 1998 455 2060 in
478 2018 543 2079 qua
558 2016 625 2061 non
642 2008 695 2061 est
710 1997 833 2078 homo;
856 2007 935 2061 sunt
950 1999 1037 2062 sicut
1052 1996 1200 2081 picturae
1223 2009 1258 2062 et

129 2089 319 2173 sculptilia,
332 2101 368 2154 et
383 2100 461 2154 sunt
478 2091 564 2154 sicut
580 2091 705 2154 simiae.

196 2184 328 2248 Dicitur
343 2185 468 2248 bonum
484 2194 520 2248 et
535 2204 662 2259 verum,
678 2184 743 2249 hoe
759 2196 813 2249 est
828 2184 986 2249 voluntas
1002 2194 1038 2249 et
1053 2182 1257 2260 intellectus,

129 2279 218 2362 -quia
232 2278 359 2341 bonum
375 2288 429 2341 est
444 2277 630 2342 voluntatis
645 2288 681 2343 et
696 2298 812 2342 verum
829 2289 882 2343 est
898 2277 1092 2343 intellet'ms
1105 2300 1112 2358 3
1137 2277 1258 2342 volun-

139 2383 194 2436 tas
212 2372 303 2437 enim
322 2382 375 2435 est
393 2370 643 2453 receptaculum
661 2372 751 2447 boni,
768 2381 804 2436 et
821 2369 1015 2436 intellectus
1033 2383 1086 2436 est
1104 2381 1258 2455 recepta·

139 2465 253 2531 culum
269 2465 348 2528 veri.

203 2557 272 2622 Sed
288 2579 392 2640 usque
407 2558 532 2622 bonum
548 2567 584 2623 et
599 2576 715 2623 verum
732 2577 799 2622 non
816 2538 958 2641 possunt
973 2579 1047 2623 esse
1063 2559 1126 2622 nisi
1148 2560 1181 2622 in
1197 2580 1258 2624 suo

139 2650 312 2734 subjecto3
334 2672 401 2716 non
417 2653 563 2734 separari
578 2662 694 2735 potest
710 2651 834 2735 aliquid
849 2673 870 2716 a
885 2673 946 2716 suo
961 2650 1135 2734 subjeetm
1157 2673 1259 2736 quare

141 2748 245 2811 homo
260 2756 314 2811 est
330 2747 523 2827 proximus;
546 2746 606 2808 sed
623 2747 655 2809 in
671 2743 924 2828 spirituali'idea
939 2745 1064 2811 bonum
1080 2756 1116 2811 et
1130 2767 1258 2822 verum,

141 2861 186 2903 ex
202 2841 321 2922 quibus
336 2839 439 2903 homo
454 2850 507 2903 est
523 2840 635 2903 homo.

140 3019 167 3071 2.
193 3019 265 3075 uuor
279 3018 337 3070 ideo
353 3018 444 3071 bonum
461 3024 490 3071 ot
507 3033 594 3071 rerum
611 3018 682 3086 apud
695 3018 820 3071 hominem
836 3018 874 3072 ait
887 3018 1021 3087 proximus
1037 3017 1083 3086 qui
1091 3019 1224 3071 amandun.

205 3135 296 3198 Pone
313 3144 382 3198 tres
397 3144 455 3198 aut
471 3135 589 3198 decem
605 3146 685 3198 ante
701 3134 817 3199 oculos
837 3155 921 3218 quos
932 3134 1039 3217 eligas
1054 3134 1097 3199 ad
1112 3134 1259 3217 aliquam

142 3249 212 3292 rem
229 3228 462 3302 domesticam,
480 3238 558 3291 num
575 3228 670 3310 eligis
686 3228 784 3293 aliter
806 3249 906 3311 quarn
928 3228 1111 3292 secundum
1133 3228 1259 3293 bonum

143 3332 178 3386 et
192 3341 310 3385 verum
323 3323 414 3404 apud
429 3321 504 3385 illos
517 3343 525 3398 ;
548 3322 625 3386 inde
641 3323 745 3393 homo
759 3333 812 3387 est
828 3322 940 3386 homo.

205 3413 240 3479 Si
261 3416 306 3478 ad
327 3415 525 3479 famulitium
541 3415 638 3498 eligis
660 3416 749 3480 inter
763 3417 881 3479 decem
904 3413 1059 3498 aliquem,
1075 3436 1189 3481 annon
1213 3419 1262 3481 in·

143 3510 244 3592 quiris
260 3508 472 3573 voluntatem
488 3519 524 3573 et
539 3507 750 3575 intellettum
766 3509 846 3590 ejus.

207 3601 274 3683 Qui
286 3602 421 3684 eligitur
434 3613 487 3666 est
503 3604 563 3667 tibi
577 3604 750 3684 proximus
762 3604 816 3684 qui
829 3612 971 3667 amatur.
1017 3603 1133 3667 Homo
1145 3604 1262 3668 diabo-

145 3695 196 3760 lus
208 3706 325 3777 potest
337 3696 455 3760 similis
470 3696 553 3759 facie
566 3716 727 3778 apparere
744 3698 830 3760 sicut
846 3697 949 3760 homo
961 3696 1124 3779 angelus;
1146 3718 1259 3761 annon

144 3788 248 3853 homo
263 3789 405 3871 angelus
421 3791 595 3867 amandus,
611 3801 646 3854 et
670 3809 738 3853 non
754 3789 857 3853 homo
878 3789 1041 3854 diabolus.
1087 3790 1260 3871 Benesacis

145 3882 273 3947 homini
296 3882 422 3965 angelo
445 3894 584 3966 propter
607 3885 733 3947 bonum
755 3893 792 3948 et
814 3903 929 3947 verum
952 3883 1041 3965 apud
1064 3883 1169 3963 illum,
1192 3904 1260 3948 non

146 3986 259 4041 autem
275 3976 401 4040 homini
418 3977 553 4040 diabolo
569 3999 576 4054 ;
600 3978 747 4041 charitas
762 3987 825 4054 est,
841 3987 878 4041 ut
894 3977 946 4042 hic
963 3979 1121 4059 puniatur
1142 3978 1169 4040 si
1186 3997 1259 4041 ma·

147 4069 214 4134 lum
229 4070 320 4148 facit,
335 4081 370 4134 et
386 4071 490 4135 homo
504 4070 647 4152 angelus
662 4080 904 4135 remuneretur.

208 4162 243 4228 Si
255 4162 389 4245 spetlas
399 4165 518 4228 decem
528 4166 674 4246 virgines
685 4174 721 4228 ut
733 4164 840 4246 eligas
853 4184 952 4228 unam
965 4164 998 4227 in
1011 4183 1163 4241 uxorem,
1173 4164 1261 4227 inter

148 4277 228 4340 quas
243 4259 389 4341 quinque
402 4259 606 4333 meretrices,
619 4259 764 4340 quinque
777 4267 903 4333 castae,
917 4277 1030 4320 nonne
1046 4257 1143 4338 eligis
1159 4277 1259 4321 unam

150 4371 192 4419 ex
206 4353 320 4430 castis,
332 4352 519 4416 secundum
536 4351 605 4433 ejus
627 4352 764 4431 bonum,
780 4351 870 4435 quod
886 4370 962 4415 cum
985 4360 1044 4415 tuo
1067 4350 1158 4415 bono
1180 4369 1260 4415 con·

149 4446 275 4512 cordat.
