2776 5040
220 476 262 540 70
691 476 864 528 conotus.

271 645 289 668 ‘⁸
297 643 515 694 Devastabuntur
527 645 554 695 in
567 645 656 695 medio
667 655 798 696 temtum
810 645 1022 706 devastaturum,
1036 656 1064 696 et
1076 649 1159 696 urbes
1170 647 1229 710 ejus
1246 649 1272 697 in
1283 663 1327 698 rue

349 711 394 759 dio
411 711 515 759 urbium
527 711 717 762 desolatarum.
856 712 933 762 Tunc
949 713 1021 761 dabo
1039 712 1137 762 fluvios
1149 715 1250 762 aridam
1253 751 1327 772 .....

349 785 447 824 terram
465 776 492 825 in
511 791 620 826 manum
639 777 780 836 malorum,
801 779 965 841 vastaboque
982 788 1083 827 terram
1103 788 1130 827 et
1148 778 1329 841 plenitudinem

349 841 408 903 ejus
416 840 430 860 '’
442 841 543 901 (Erech.
555 856 617 891 xxx.
631 853 654 902 7,
668 841 723 904 12),

271 904 439 968 “obtegam,
453 921 514 955 cum
532 908 686 957 exstinxero
703 917 738 966 te,
752 908 850 967 oaelos,
863 919 891 958 et
907 909 1002 958 atrabo
1018 908 1113 958 stellas
1125 923 1240 969 eorum;
1256 909 1330 959 solen

349 972 420 1021 nube
428 973 563 1034 obtegam,
574 982 601 1021 et
613 972 677 1022 luna
685 988 740 1022 non
753 973 840 1022 lucere
849 973 930 1023 iaciet
941 975 1032 1022 lumen
1042 989 1123 1023 suum
1134 989 1141 1032 ;
1160 1013 1167 1025 .
1179 1012 1187 1025 .
1199 1013 1206 1025 .
1217 1013 1225 1026 .
1236 986 1263 1025 et
1272 976 1331 1024 dabo

349 1038 474 1086 “¹¹0¹‘OE
497 1052 578 1100 Super
600 1047 698 1087 terram
701 1074 788 1097 .....
802 1053 863 1088 cum
884 1039 1021 1088 adduxero
1044 1037 1259 1090 coniradlionern
1278 1040 1332 1090 tui''

348 1100 450 1163 (Erech.
462 1103 543 1153 xxxii.
557 1104 630 1166 7-9);

220 1254 373 1318 similiter
395 1255 481 1318 sicut
505 1255 671 1319 Dominus
694 1256 864 1338 praedixit
887 1256 930 1320 de
952 1259 1252 1322 consummatione
1273 1257 1330 1322 Ec·

219 1349 343 1413 clesiae
362 1349 574 1413 Christianae
590 1350 773 1415 hodiernae
795 1348 933 1432 (Marta.
950 1352 1047 1413 xxiv.
1064 1352 1134 1434 29).

270 1507 374 1556 “Dabo
394 1517 515 1556 montem
535 1507 592 1556 Seir
609 1507 636 1556 in
655 1507 808 1557 vastitatem
826 1518 853 1557 et
869 1507 1104 1568 devastationem
1122 1510 1335 1560 ....vastitates

348 1573 513 1621 aeternitatis
525 1573 595 1622 dabo
607 1572 655 1621 te”
667 1573 768 1633 (Erech.
780 1587 861 1622 xxxv.
873 1586 896 1633 3,
907 1586 933 1633 4,
946 1584 969 1633 7,
979 1588 1004 1636 9,
1018 1585 1057 1632 12,
1069 1587 1109 1634 14,
1123 1574 1182 1636 15);

270 1637 329 1687 “ln
347 1638 389 1687 die
407 1638 453 1686 iilo
470 1637 582 1687 efferent
601 1653 682 1700 super
698 1652 748 1686 vos
766 1639 945 1701 proverbium,
965 1648 1071 1690 ....et
1088 1639 1189 1699 dicent,
1203 1640 1335 1691 vastando

349 1704 446 1752 vastati
458 1718 551 1752 sumus
560 1703 574 1723 '¹
587 1703 681 1765 (Mich.
693 1698 735 1752 iil¹¹
744 1702 786 1765 4);

270 1768 391 1872 “Timor1
403 1778 432 1872 ¹et
448 1768 528 1817 lovea
544 1769 656 1831 contigit
673 1768 760 1826 nobis,
780 1769 931 1818 devastatio
947 1778 975 1818 et
992 1766 1168 1819 contradiio”
1182 1768 1291 1833 (Tim.
1302 1770 1334 1820 iii.

350 1835 436 1894 47¹):

268 1897 350 1948 Mons
362 1898 454 1948 Zionis
469 1899 614 1948 “vastatus
626 1909 667 1948 est
674 1897 689 1918 '’
701 1897 810 1960 (Tim.
822 1913 848 1948 v.
862 1898 917 1958 18);

269 1964 543 2013 “consummataest
555 1964 681 2027 iniquitas
693 1973 747 2022 tua,
759 1964 814 2013 filia
825 1963 938 2013 Zionis”
947 1963 1058 2025 (Tim.
1070 1965 1106 2015 iv.
1119 1965 1161 2027 22)
1171 1979 1178 2024 ;

270 2028 352 2078 “Vae
375 2030 449 2091 genti
472 2030 620 2092 peccatrici,
644 2025 769 2094 [populo]
791 2030 866 2091 gravi
890 2029 1046 2093 iniquitate:
1160 2042 1336 2093 provocarunt

349 2092 604 2145 Sandlumlsraelis.
742 2093 840 2144 Avola
851 2095 928 2157 pedis
937 2096 1161 2158 usqueadcaput
1174 2112 1231 2145 non
1244 2107 1285 2146 est
1300 2098 1337 2145 in-

347 2161 466 2221 tegritas.
503 2197 509 2210 .
522 2197 529 2210 .
542 2197 548 2210 .
561 2197 568 2210 .
604 2160 689 2210 Terra
699 2170 790 2210 vestra
800 2159 933 2210 solitudo.
946 2197 953 2209 .
965 2196 971 2210 .
984 2196 991 2210 .
1004 2159 1110 2210 Relidla
1121 2172 1163 2211 est
1181 2163 1238 2210 tilia
1248 2162 1336 2212 Zionis

347 2226 415 2274 sicut
432 2226 577 2275 tentorium
595 2225 622 2275 in
640 2226 721 2275 vinea
722 2261 808 2284 .....
822 2225 890 2274 sicut
907 2226 970 2274 urbs
982 2227 1096 2275 obsessa
1105 2225 1120 2245 '¹
1138 2226 1224 2288 (Essi.
1244 2228 1260 2277 i.
1280 2241 1335 2290 4-9,

268 2291 485 2420 “Quiiehhieris
502 2355 546 2405 die
563 2355 725 2405 visitationis
742 2364 770 2405 et
784 2355 997 2407 devastationis?
1030 2392 1054 2406 ..
1068 2393 1092 2406 ..
1130 2356 1336 2407 Consummatio

350 2430 391 2469 est
402 2422 520 2478 definita,
535 2422 664 2470 inundata
680 2430 721 2470 est
732 2421 851 2483 justitia;
869 2417 958 2469 nam1⁸l
970 2423 1236 2472 consummationem
1254 2434 1281 2472 et
1293 2424 1336 2473 de-

347 2487 476 2535 cisionem
489 2486 594 2535 Adonai
607 2486 721 2550 Jehovih
737 2486 838 2535 faciens
857 2486 883 2534 in
902 2495 959 2535 tota
971 2486 1063 2535 terra''
1076 2486 1163 2548 (Esai.
1177 2503 1204 2537 x.
1217 2485 1257 2548 3,[⁴l
1269 2503 1333 2552 seq.,

348 2563 387 2607 22.
401 2552 458 2612 23);

268 2617 285 2641 “
295 2616 561 2666 consummationem
575 2625 601 2665 et
618 2617 781 2665 decisionem
793 2617 882 2665 audivi
900 2632 917 2664 a
932 2631 992 2664 curn
1005 2617 1112 2665 Adonai
1126 2617 1243 2681 Jehovih
1254 2618 1335 2667 Zeba·

347 2684 393 2730 oth
406 2698 485 2744 super
497 2683 649 2730 universam
663 2678 804 2730 terram1⁶¹”
814 2681 899 2743 (Esai.
911 2682 1002 2730 xxviii.
1015 2681 1056 2742 22)
1067 2697 1073 2738 ;

267 2747 402 2810 Propheta
413 2748 505 2796 cecidit
518 2763 597 2808 super
610 2747 690 2796 facies
708 2756 735 2796 et
746 2747 820 2802 dixit,
838 2747 969 2795 “Adonai
987 2746 1112 2810 Jehovih,
1128 2750 1335 2797 consummatio·

348 2828 409 2861 nern
422 2813 462 2861 Tu
476 2813 576 2860 faciens
590 2813 706 2874 reliquiis
719 2812 827 2861 Israelis
835 2811 850 2831 '¹
862 2813 962 2873 (Erech.
975 2814 1009 2860 xi.
1022 2813 1078 2872 13);

267 2877 477 2928 “Sandiuarium
497 2893 586 2926 meum
604 2879 772 2939 profanatum
791 2887 841 2935 est,
855 2888 881 2926 et
899 2888 970 2926 terra
989 2876 1096 2926 israelis
1113 2878 1255 2928 devastata
1271 2880 1333 2928 est''

356 2945 447 2992 Erech.
460 2958 521 2992 xxv.
571 2958 577 2997 ;

265 2945 355 3058 Etiam(
368 3006 414 3073 [si]
434 2942 648 3065 Noach,³hanie1
661 3019 688 3057 et
707 3007 780 3056 Hiob
793 3008 892 3056 tuerint
906 3009 924 3031 ‘⁶
934 3008 960 3056 in
973 3008 1063 3056 medio
1075 3008 1136 3069 ejus
1139 3045 1224 3065 .....
1234 3010 1272 3059 illi
1284 3011 1331 3059 soii

345 3076 499 3137 eripientur.
515 3084 585 3122 terra
597 3083 686 3122 autern
699 3074 743 3122 fiet
755 3074 886 3122 desolatio
894 3072 908 3091 '¹
920 3074 1023 3135 (Erech.
1035 3074 1089 3123 xiv.
1103 3075 1154 3136 16).

215 3230 384 3294 Ultimum
407 3227 709 3291 consummationis
733 3225 908 3289 Ecclesiae
928 3224 1138 3290 Israeliticae
1162 3236 1198 3290 et
1219 3227 1330 3309 Judai·

215 3345 275 3387 cae
299 3321 469 3406 petatium
490 3331 542 3384 est
566 3321 701 3402 quando
720 3319 886 3382 Dominus
906 3329 1023 3382 noster
1045 3318 1217 3395 Salvator,
1239 3331 1328 3403 post·

214 3439 315 3500 quam
334 3419 465 3498 accepit
485 3416 664 3497 spongiam
684 3415 782 3488 aceti,
804 3434 902 3494 super
921 3434 1019 3476 cruce
1038 3414 1261 3492 exclamavit,

471 3579 488 3599 ‘¹
497 3575 719 3625 consummatum
733 3574 796 3623 est'’
808 3574 884 3639 (Joh.
894 3574 947 3623 xix·
960 3586 1000 3636 29·
1013 3573 1074 3634 3⁰)i

214 3727 293 3770 nam
311 3707 432 3769 dicitur
451 3706 539 3788 apud
560 3704 738 3779 Davidem,

265 3859 282 3879 ‘⁴
291 3855 427 3904 Dederunt
439 3855 466 3902 in
478 3854 566 3902 cibum
579 3868 667 3901 meum
686 3852 729 3909 iel,
744 3861 770 3900 et
783 3852 809 3900 in
823 3851 865 3901 siti
884 3866 943 3899 mea
956 3859 1085 3913 potarunt
1098 3851 1145 3901 Me
1158 3863 1251 3911 aceto:
1268 3888 1323 3903 ....

342 3921 377 3969 sit
389 3920 517 3968 habitatio
529 3933 621 3967 eorum
634 3919 774 3967 devastata
784 3917 798 3937 ”
810 3917 919 3979 (Psalm.
931 3917 994 3966 lxix.
1007 3929 1048 3974 22,
1061 3919 1095 3965 26
1108 3915 1155 3982 [B.
1167 3922 1203 3970 A.
1216 3933 1255 3978 21,
1267 3914 1323 3981 25]).

214 4036 260 4099 Et
280 4035 375 4097 alibi:

263 4168 352 4218 “Sine
365 4183 445 4217 causa
457 4167 623 4215 occultarunt
636 4166 703 4215 Mihi
716 4166 822 4215 foveam
836 4167 907 4223 retis.
920 4165 978 4215 sine
990 4179 1072 4214 causa
1085 4165 1216 4218 foderunt
1227 4168 1325 4217 animae

342 4249 425 4283 meae.
467 4232 564 4281 Veniat
584 4233 608 4280 ei
629 4232 787 4290 devastatio,
808 4240 949 4294 antequam
971 4232 1056 4290 sciat;
1082 4234 1191 4284 ....in
1212 4235 1325 4283 devasta-

343 4301 444 4348 tionem
465 4298 572 4348 incidat.
707 4298 797 4346 Reduc
821 4298 938 4345 animam
962 4311 1049 4344 rneam
1075 4312 1092 4345 u
1116 4300 1325 4349 devastatoribus

342 4380 443 4422 eorum,
458 4374 484 4413 et
501 4379 519 4411 a
534 4362 656 4425 juvencis
673 4364 781 4413 leonum
800 4363 905 4411 unicam
924 4360 1039 4418 meam,”
1052 4362 1105 4411 hoc
1123 4365 1324 4425 est,Ecclesiam

341 4430 449 4492 (Psalm.
462 4444 541 4479 xxxv.
555 4440 577 4488 7,
590 4430 613 4487 8,
627 4429 684 4490 17);
