2776 5040
132 444 174 526 3⁶
405 454 584 508 cruores
604 454 735 508 nova-n
756 454 974 508 secessus.

195 641 224 705 3.
256 621 357 705 Quod
373 624 445 706 ipse
460 621 536 686 finis
554 623 720 687 ecclesiae
738 624 782 687 sit
800 621 1006 706 “plenitudo
1023 620 1232 705 [temporis].”

192 736 223 798 4.
255 716 356 799 Quod
373 718 476 780 etiam
494 717 616 780 similia
632 718 667 780 in
682 716 800 781 Verbo
817 716 1055 799 intelligantur
1070 737 1130 799 per
1142 722 1234 779 “ves-

343 830 458 893 peram
468 811 484 835 ”
498 820 534 874 et
555 807 749 874 “noetemss¹

197 920 224 988 5.
256 903 304 969 Et
327 926 460 988 quoque
484 925 544 986 per
561 903 646 968 haec
669 905 758 988 apud
780 903 971 985 Prophetas
985 913 1023 969 et
1045 902 1237 986 Evangelr's·

342 1008 422 1062 tas:

394 1147 493 1198 “Tunc
505 1148 546 1197 sol
558 1149 749 1207 obscurabitur.
762 1149 827 1199 luna
838 1164 893 1198 non
905 1148 979 1198 dabit
990 1148 1077 1198 lucem
1091 1163 1175 1206 suam,
1186 1148 1242 1196 stel-

459 1214 501 1263 lae
517 1214 614 1262 cadent
630 1214 664 1262 de
681 1215 764 1272 caelo,
778 1224 805 1263 et
822 1215 935 1263 virtutes
946 1213 1081 1263 caelorum
1099 1226 1242 1263 eommove-

458 1278 579 1328 buntur”
592 1276 712 1343 [matth.
721 1280 792 1329 niv.
801 1291 848 1342 29:
861 1278 1055 1329 Bsar'.xlll.10:
1067 1278 1160 1328 azeca
1168 1278 1241 1327 xxxii

460 1355 491 1404 7:
505 1344 567 1409 Joel
577 1345 603 1395 ii.
614 1356 660 1402 ως
677 1344 738 1404 lii-4
751 1351 911 1406 [Μίὶμις
928 1344 1150 1473 ἰν.[Β.Α.ίίὶ.)]ῐς;
1170 1344 1242 1392 Amos

459 1424 485 1459 v.
497 1421 545 1469 ao;
563 1409 616 1459 viii.
628 1424 658 1472 9:
677 1410 760 1459 Marc.
772 1409 825 1459 xiii
838 1421 885 1469 ²4:
903 1408 966 1459 Luc.
978 1409 1032 1459 xxi.
1044 1410 1109 1470 25).

195 1566 227 1631 6.
260 1563 361 1649 Quod
390 1574 473 1629 tunc
495 1585 563 1628 non
589 1564 733 1648 amplius
759 1565 803 1629 sit
833 1563 987 1639 ecclesia,
1010 1565 1115 1628 modo
1136 1562 1242 1646 quoad

346 1680 491 1738 nomen;
520 1660 580 1723 sed
604 1660 693 1742 quod
717 1680 821 1742 usque
844 1659 909 1723 hoe
931 1659 1101 1723 residuum
1123 1658 1166 1721 sit
1189 1658 1241 1730 ibi,

345 1754 435 1838 quod
459 1753 563 1818 homo
585 1755 695 1836 possit
720 1755 807 1818 scire
830 1762 867 1817 et
892 1752 1083 1835 intelligere
1106 1772 1184 1816 vera
1204 1770 1240 1815 ac

345 1848 456 1913 lacere
473 1848 565 1912 bona
582 1849 610 1910 si
627 1847 722 1912 velit.

482 2372 640 2438 CAPUT
672 2330 911 2454 QUINTUM.

139 2606 250 2690 Quon
271 2621 312 2670 nr
332 2606 838 2671 F1unEccnasmnrornrns
858 2607 1069 2672 Dimunrro
1089 2619 1237 2671 nonnul·

264 2713 331 2766 nus
354 2715 395 2764 m
411 2715 547 2764 rnnnrs
570 2715 619 2764 nr
642 2714 804 2766 nunnus
828 2715 868 2764 nr
890 2715 1024 2767 casus
1045 2715 1240 2765 mmmm.

206 2900 231 2947 1.
265 2883 366 2963 Quod
386 2885 495 2947 omnis
518 2883 622 2947 homo
645 2885 689 2947 sit
711 2884 744 2946 in
764 2883 959 2966 aequilibrio
979 2884 1068 2966 quod
1088 2895 1140 2948 est
1163 2886 1242 2947 inter

349 2978 481 3041 caelum
500 2986 536 3041 et
555 2977 729 3052 infernum,
749 2988 785 3041 et
805 2978 883 3041 inde
901 2979 934 3041 in
954 2978 1060 3043 libero
1078 2977 1243 3062 spettandi

350 3083 385 3136 et
405 3093 440 3135 se
458 3073 614 3134 vertendi
633 3070 686 3134 vel
706 3071 749 3134 ad
768 3071 899 3135 caelum
918 3071 973 3135 vel
992 3075 1035 3135 ad
1055 3073 1224 3136 infernum.

203 3184 231 3231 2.
266 3166 366 3245 Quod
384 3167 493 3229 omnis
511 3165 616 3228 homo
632 3175 711 3247 post
730 3175 875 3229 mortem
892 3167 924 3228 in
941 3166 1005 3230 hoc
1022 3167 1244 3249 aequilibrium

351 3262 493 3342 primum
513 3258 665 3336 ¹¹¹veniat,
683 3271 718 3323 et
737 3261 784 3323 sic
804 3261 837 3322 in
856 3259 999 3324 similem
1016 3271 1146 3324 statum
1162 3262 1245 3322 vitae

351 3357 384 3417 in
403 3376 469 3437 quo
485 3355 546 3417 luit
565 3356 597 3416 in
617 3356 754 3417 mundo.

204 3467 233 3531 3.
264 3451 364 3531 Quod
384 3450 431 3512 illi
450 3450 556 3531 quiin
576 3450 702 3511 mundo
718 3447 956 3530 spetiaverunt
975 3458 1011 3513 et
1027 3470 1064 3512 se
1079 3457 1247 3514 verterunt

350 3542 393 3606 ad
420 3543 552 3605 caelum
579 3542 632 3606 vel
659 3543 702 3604 ad
733 3542 908 3616 infernum,
928 3542 1152 3607 consimiliter
1176 3551 1247 3625 post

351 3649 497 3700 mortem
517 3634 672 3718 spetiem
691 3647 726 3699 et
746 3656 782 3699 se
801 3646 948 3699 vertant.

202 3748 233 3810 4.
265 3731 366 3811 Quod
397 3732 429 3793 in
456 3729 522 3793 fine
552 3730 727 3804 ecclesiae,
758 3729 838 3792 dum
869 3731 1025 3811 potentia
1052 3731 1133 3794 mali
1163 3730 1248 3794 valet

352 3844 452 3906 super
470 3826 660 3906 potentiam
680 3824 769 3897 boni,
790 3823 856 3886 hoc
875 3823 1106 3905 aequilibrium
1126 3825 1249 3888 disten·

352 3917 453 3981 datur
467 3928 503 3981 et
519 3918 699 4000 impleatur
713 3938 733 3981 a
749 3917 847 3980 malis
862 3918 917 4000 qui
933 3917 1065 3981 alluunt
1082 3939 1100 3981 e
1119 3919 1249 3982 mundo.

208 4026 235 4094 5.
269 4010 371 4092 Quod
394 4012 472 4075 inde
495 4011 578 4075 illud
601 4013 832 4095 aequilibrium
855 4012 930 4095 plus
952 4021 987 4075 et
1010 4012 1087 4094 plus
1106 4013 1251 4076 elevetur

352 4127 468 4169 versus
491 4107 634 4180 caelum,
658 4116 693 4170 et
717 4106 901 4170 secundum
924 4108 1250 4188 approximationem

354 4197 518 4264 1²¹insestet
537 4201 680 4282 angelos
698 4201 753 4264 ibi.

206 4295 236 4359 6.
271 4293 372 4376 Quod
389 4314 508 4358 omnes
526 4293 574 4357 illi
593 4296 647 4377 qui
667 4295 699 4357 in
718 4295 856 4358 elevato
874 4294 933 4358 illo
951 4295 1149 4377 aequilibrio
1166 4303 1249 4365 sunt,

355 4390 495 4452 interius
510 4390 578 4451 sint
594 4387 774 4452 infernales
790 4399 825 4452 et
841 4389 992 4452 exterius
1010 4388 1169 4452 morales.
