2776 5040
227 488 289 539 tto
542 487 594 539 DE
616 487 721 540 Nova
744 486 1019 541 maltosomtlt

222 653 415 794 332¹in
434 656 526 711 modo
543 667 720 728 apparenter
736 660 779 724 (n-
795 670 872 727 3325.
888 671 966 726 3472.
979 667 1058 726 4727
1073 655 1153 725 4326
1167 654 1248 724 4727
1262 669 1338 724 43324

275 795 367 918 Puod
380 797 471 879 etiam
483 812 543 879 'per
555 805 570 826 ‘⁴
579 797 809 880 primogenitum
818 799 833 816 ''
847 799 877 853 in
893 797 994 853 Verbo
1010 795 1197 868 significetur
1211 795 1336 867 primum

222 880 372 928 eccesiae,
385 883 433 921 7777
447 878 583 936 prioritas
596 878 626 922 et
639 879 830 938 supenoritas
843 872 884 936 (n.
898 868 988 937 3325).

276 933 366 1007 Quod
375 936 445 992 ideo
455 935 602 993 Dominus
610 938 728 994 dicatur
738 937 965 1009 Primogenitun.
974 937 1047 1009 quia
1055 937 1085 992 in
1095 935 1168 1008 ipso
1176 946 1208 991 77
1220 936 1259 991 ab
1272 932 1340 1006 ipso

222 1007 437 1061 omnebonum
450 1007 567 1070 amoris,
580 1007 741 1070 charitatis,
755 1020 785 1063 77
799 1008 867 1064 777777
882 1012 923 1076 (n.
936 1009 1027 1077 3325).

276 1139 365 1265 ggod
382 1157 441 1196 non
457 1141 641 1196 redeundum
657 1142 696 1197 sit
711 1158 729 1196 a
743 1154 822 1197 statu
838 1142 1004 1213 posteriori,
1016 1141 1067 1213 qui
1082 1151 1129 1196 737
1147 1156 1216 1194 777777
1229 1155 1248 1194 3
1261 1139 1341 1194 770770

222 1227 275 1280 spe
324 1221 373 1265 tur
387 1227 498 1273 verum,
514 1211 552 1266 ad
571 1223 681 1267 statum
699 1213 835 1282 priorem.
850 1213 901 1283 qui
919 1223 965 1268 737
980 1227 1048 1265 cum
1066 1226 1085 1265 3
1102 1227 1175 1265 vcro
1190 1207 1342 1280 speciatur

223 1282 345 1406 Bonum
356 1297 463 1337 musae
479 1285 520 1348 (n-
536 1295 613 1350 2454.
628 1283 793 1407 36733633.
808 1283 884 1352 5875.
899 1282 975 1364 7837.
988 1282 1066 1364 7857.
1079 1295 1157 1364 ,7323
1171 1281 1251 1350 8505.
1263 1279 1340 1350 ⁸50⁶·

242 1363 302 1420 370,
315 1351 393 1422 8373,
406 1351 483 1421 8376,
497 1365 576 1421 9374,
592 1353 693 1419 70784.
711 1365 896 1423 expleantur
910 1353 949 1408 7777
967 1350 1087 1407 Domum
1100 1351 1200 1414 verba.

268 1470 533 1587 “Quiffiegissim'
545 1485 576 1519 ne
591 1479 721 1519 revertatur
735 1480 799 1520 retro
813 1472 846 1519 76
860 1471 994 1519 tollendum
1008 1469 1150 1518 estimenta
1163 1469 1230 1516 7773”
1244 1469 1341 1527 (m

400 1566 408 1580 ο
459 1546 466 1588 7

222 1631 287 1676 tum

268 1661 1085 1768 “butrunqmmn01u12nn.nemoeururinqmepoetfflnn;
1102 1703 1342 1752 mementoteuxoria

344 1766 438 1814 lnrhi”
450 1767 633 1827 (Luc.xvi1.31,
644 1772 692 1827 ssi:

223 1891 291 1932 nam
306 1876 356 1931 illa
367 1892 420 1948 per
430 1892 467 1933 ea
477 1878 569 1932 7777773
580 1876 806 1950 significantur).

276 2016 437 2074 Prooeasua
458 2018 690 2090 regenerationis
711 2019 849 2080 hominis,
867 2019 1021 2091 quomodo
1042 2017 1084 2081 iit,
1102 2018 1282 2073 describitur
1302 2021 1341 2087 (77.

225 2100 300 2157 2575.
317 2102 394 2158 2373
410 2103 487 2158 2476.
502 2089 580 2158 2657.
596 2102 673 2158 2377.
689 2101 766 2158 3677.
783 2088 859 2158 3286.
876 2103 955 2158 3326.
971 2103 988 2159 3
1010 2089 1081 2158 263
1101 2104 1143 2158 32.
1163 2101 1242 2157 3776.
1262 2102 1342 2157 3762.

221 2165 301 2228 7333.
317 2159 410 2228 722217
425 2160 512 2229 72231.
530 2158 605 2229 7226.
622 2171 698 2228 5276.
716 2160 792 2229 7286.
809 2172 885 2229 5342.
898 2160 976 2227 6727.
989 2103 1066 2226 3772.
1080 2104 1158 2227 6773
1171 2173 1251 2228 904³·
1264 2173 1342 2228 32823.

225 2243 318 2291 70037,
331 2241 424 2298 70037,
441 2229 546 2299 70367).

276 2298 365 2372 Quod
378 2315 486 2355 aroana
498 2299 730 2370 regenerationis
743 2299 969 2355 innumerabilia
981 2299 1050 2362 37777,
1062 2299 1205 2369 quoniam
1220 2314 1342 2369 regene-

223 2370 300 2424 ratio
321 2379 433 2440 peratat
455 2384 507 2441 per
527 2380 623 2425 totam
642 2370 735 2425 vitam
754 2371 885 2426 hominis
907 2372 948 2438 (n.
970 2371 1047 2438 3679,
1067 2383 1144 2438 3779,
1165 2369 1244 2438 3384,
1265 2369 1341 2438 3665.

222 2440 606 2580 gizipglisso’gokzgordffl,
620 2453 699 2511 4337,
716 2453 795 2550 4333,
809 2454 885 2510 3733,
900 2440 977 2510 3736,
992 2439 1067 2509 3398,
1083 2452 1158 2509 3973,
1170 2440 1251 2507 6737,
1264 2454 1342 2509 9703,

276 2580 366 2653 Quod
378 2581 428 2636 vix
437 2582 549 2651 aliquid
562 2598 599 2636 ex
612 2582 729 2636 37737773
739 2583 796 2637 71173
807 2582 846 2637 377
859 2581 1062 2653 cognitionem
1075 2590 1107 2636 77
1119 2580 1342 2651 perceptionem

223 2650 353 2706 hominis
366 2652 519 2734 perveniat
536 2653 575 2721 (n.
590 2665 667 2734 3779,
681 2653 771 2720 9336).
932 2721 937 2733 ¹

276 2720 365 2794 Quod
379 2722 437 2777 7707
450 2733 488 2778 377
501 2723 581 2794 quod
596 2723 771 2795 intelligitur
784 2738 836 2793 per
849 2720 970 2776 Domini
984 2721 1082 2783 verba,

268 2842 384 2889 ⁰¹Ventus
398 2854 448 2902 quo
463 2843 513 2890 vult
528 2844 645 2903 spirator
660 2855 748 2889 sonum
759 2844 811 2901 ejus
821 2842 899 2895 3777777,
912 2843 956 2888 sed
970 2855 1020 2888 non
1033 2840 1080 2888 7777
1095 2841 1161 2888 7777777
1176 2840 1280 2888 renitet
1293 2852 1344 2899 quo

343 2901 1088 2965 777117;77ι7774777774771777777777777777777777·’(77171777).

277 3021 322 3078 De
359 3040 476 3079 70773377
493 3022 724 3096 regenerationis
737 3022 867 3077 hominis
879 3021 1020 3077 ecclesiae
1034 3020 1196 3091 spiritualis
1209 3021 1252 3088 (77.
1266 3019 1342 3089 3673,

224 3092 518 3235 ²&gtdg91’u2o6cssezris'u
532 3163 765 3234 regenerationis
775 3161 904 3217 hominis
917 3160 1058 3217 ecclesiae
1067 3159 1212 3223 caelestis.
1222 3168 1254 3216 et
1266 3175 1342 3232 quae

224 3234 393 3291 differentia
405 3236 446 3303 (77.
460 3247 536 3304 3773,
552 3234 661 3301 70734).

277 3375 366 3449 Quod
380 3392 448 3431 cum
461 3376 582 3431 homine
594 3375 646 3500 3777
711 3385 857 3435 eneratur.
870 3373 1005 3429 similiter
1016 3389 1048 3428 37
1061 3371 1170 3428 habeat
1181 3372 1262 3427 sicut
1274 3387 1342 3428 cum

225 3445 346 3508 infante,
359 3447 440 3517 quod
455 3447 582 3516 primum
617 3447 690 3501 73737
711 3445 790 3516 oqui,
800 3445 869 3500 dein
880 3459 917 3498 co
949 3454 1019 3504 tare,
1031 3453 1134 3513 postea
1144 3442 1246 3497 vivere
1258 3443 1342 3505 bene,

225 3533 318 3587 usque
331 3518 404 3571 dum
416 3517 516 3571 omnia
528 3528 635 3587 sponte
649 3516 726 3571 sicut
738 3531 756 3569 a
768 3531 800 3570 37
813 3515 906 3568 fluant
918 3461 961 3583 {¹:-
975 3527 1051 3581 3303,
1064 3512 1141 3581 9396,
1155 3512 1248 3581 9397).

279 3586 324 3641 [73
333 3587 414 3657 quod
424 3588 475 3657 qui
488 3597 686 3658 regeneratur,
697 3586 824 3655 primum
834 3585 991 3639 ducatura
1005 3582 1135 3638 Domino
1144 3581 1223 3636 377777
1237 3580 1343 3644 inians,

224 3657 293 3712 dein
307 3658 384 3712 sicut
396 3673 477 3729 puer,
490 3668 595 3728 postea
607 3657 684 3711 sicut
696 3656 816 3710 adultus
829 3658 870 3723 (77.
885 3655 961 3723 3663,
975 3654 1052 3722 3690,
1063 3664 1233 3720 4377-4379,
1246 3651 1339 3722 6737).

277 3726 367 3810 Quod
383 3728 482 3790 homo,
495 3743 563 3782 curn
580 3737 771 3797 regeneratur
784 3742 803 3779 3
819 3724 958 3784 7707777770,
972 3723 1098 3794 primum
1116 3722 1145 3776 in
1161 3733 1244 3777 statu
1258 3723 1344 3778 inno·

222 3809 340 3853 77777737
358 3809 498 3853 externae
516 3798 563 3859 sit,
582 3797 633 3879 qui
656 3808 701 3851 est
720 3807 815 3851 status
834 3797 899 3865 ejus
917 3793 1074 3855 infantiam
1091 3792 1161 3848 dein
1175 3792 1344 3875 succensire

224 3869 404 3940 perducatur
422 3868 452 3922 in
467 3879 578 3924 statum
592 3867 779 3922 innocentiae
793 3866 934 3928 internae,
946 3863 998 3936 qui
1013 3872 1058 3918 737
1077 3871 1173 3918 status
1186 3863 1255 3934 ejus
1267 3879 1345 3935 sapt-

223 3939 323 3994 entiae
337 3941 377 4007 (n.
390 3952 468 4008 9337,
481 3951 559 4008 9333,
576 3952 669 4000 70037,
686 3939 790 4004 70370).

308 4025 361 4064 uae
376 4020 406 4064 77
424 4009 520 4080 qualis
534 4008 705 4063 innocentia
718 4006 868 4067 7777337737,
882 4016 912 4061 77
952 4020 1007 4059 7737
1019 4013 1050 4059 77
1061 4002 1159 4074 qualia
1172 4002 1347 4060 innocentia
1378 4043 1386 4053 .

223 4080 386 4149 sapientiae
405 4082 446 4149 (n.
469 4079 543 4142 7676,
562 4091 639 4148 3303,
659 4078 736 4146 3306,
756 4075 850 4146 349317
870 4021 959 4146 34977,
977 4075 1056 4144 4363,
1074 4086 1154 4142 4797,
1175 4073 1255 4143 3608,
1266 4087 1345 4144 9307,
1378 4112 1386 4125 .

226 4151 469 4290 ¹00{llginparatio
484 4219 716 4291 regenerationis
732 4216 862 4272 hominis
878 4231 947 4271 cum
965 4213 1163 4286 conceptione
1182 4223 1216 4270 et
1236 4212 1386 4270 7077773-

223 4291 305 4346 770777
315 4291 485 4362 embryonis
498 4291 528 4344 in
542 4301 629 4344 utero
642 4293 681 4357 (n,
696 4301 772 4357 3370,
785 4301 864 4356 4937,
878 4286 968 4356 9338).

276 4359 365 4432 Quod
386 4362 454 4416 ideo
467 4359 698 4432 “generationes
706 4359 721 4378 ''
734 4370 764 4414 et
777 4366 792 4387 ⁴·
802 4358 972 4412 nativitates
980 4355 995 4377 '⁹
1009 4355 1039 4410 in
1054 4354 1157 4411 Verbo
1172 4353 1386 4426 significent,

222 4430 652 4519 generationesetnativitator
662 4429 837 4501 spirituales.
847 4429 904 4484 hoc
913 4438 967 4490 777,
975 4434 1132 4498 quaesunt
1141 4424 1386 4497 7737377376-
