2776 5040
138 459 178 527 50
543 456 594 508 DE
614 453 845 507 CHARITATE.

136 627 245 691 addici
267 627 394 691 homini
417 637 453 691 ut
469 626 549 708 ejus,
566 636 619 690 est
634 626 724 691 enim
741 624 844 689 homo
859 622 974 689 finitus
989 633 1026 690 et
1042 634 1095 690 est
1110 632 1241 697 creatus,

136 731 171 785 et
195 742 263 785 non
286 731 401 802 potest
424 721 589 785 Dominus
605 742 718 785 creare
733 732 769 785 et
785 721 876 786 finire
893 720 937 786 Se
953 722 986 785 in
1003 721 1091 798 alio;
1114 721 1160 784 sic
1176 719 1241 800 Ipse

137 836 204 879 non
222 816 307 880 foret
323 814 475 898 amplius,
492 825 527 879 et
550 816 597 879 sic
620 817 810 879 universum
832 835 939 897 genus
962 815 1146 879 humanum
1168 814 1242 877 soret

136 909 239 984 Deus,
256 920 291 974 et
307 911 531 992 unusquisque
547 928 606 990 per
621 929 678 988 se;
701 909 792 992 quod
814 910 966 991 cogitare
984 928 1054 972 non
1077 907 1179 971 modo
1198 915 1242 968 est

136 1002 328 1067 irrationale
343 1004 402 1066 sed
418 1004 521 1067 etiam
536 1003 761 1066 abominabile
774 1022 782 1080 ;
805 1002 883 1066 talis
898 1003 974 1067 idea
988 1002 1032 1066 de
1049 1001 1127 1066 Deo
1141 1011 1174 1065 et
1193 1000 1243 1064 ho

137 1098 225 1161 mine
240 1098 274 1160 in
290 1097 416 1160 mundo
431 1096 593 1179 spirituali
615 1106 713 1177 putet
729 1097 815 1160 sicut
831 1096 985 1159 cadaver.
1030 1095 1089 1159 Ex
1105 1095 1157 1159 his
1170 1114 1241 1158 con·

136 1200 226 1254 stare
242 1201 368 1272 potest,
384 1190 475 1273 quod
498 1209 565 1254 non
588 1190 725 1272 aliquod
747 1191 882 1264 bonurn,
899 1189 989 1272 quod
1012 1190 1047 1253 in
1070 1209 1108 1252 se
1131 1190 1243 1253 bonum

136 1294 201 1357 est.
218 1295 254 1349 et
269 1294 410 1348 vocatur
424 1284 549 1348 bonum
565 1281 750 1359 charitatis,
767 1285 873 1364 possit
889 1284 961 1346 dari
976 1283 1020 1346 ab
1042 1282 1179 1347 homine
1193 1280 1244 1346 sed

135 1399 156 1441 a
179 1378 338 1453 Domino,
356 1376 422 1459 Qui
444 1379 541 1441 unice
563 1387 616 1442 est
640 1377 755 1458 Ipsum
778 1376 921 1452 Bonum,
937 1377 985 1441 ita
1000 1377 1034 1440 in
1050 1375 1095 1442 Se
1112 1376 1242 1440 Bonum.

140 1471 217 1536 Hoc
240 1472 406 1536 Dominus
427 1471 561 1554 quidem
584 1471 740 1553 producit
762 1491 807 1534 ex
830 1469 885 1546 Se,
908 1471 969 1535 sed
991 1490 1053 1552 per
1071 1472 1243 1535 hominem.

139 1565 216 1629 Non
233 1566 332 1630 datur
347 1565 435 1629 aliud
458 1562 643 1646 subjedium
664 1584 724 1646 per
739 1565 829 1646 quod
850 1564 1018 1628 Dominus
1040 1586 1086 1628 ex
1111 1563 1156 1630 Se
1178 1584 1245 1646 pro·

137 1659 239 1722 ducat
256 1659 382 1722 bonum
398 1678 497 1741 quam
519 1658 632 1721 homo.
677 1656 744 1722 Sed
765 1678 869 1741 usque
885 1658 980 1722 dedit
1003 1658 1173 1723 Dominus
1192 1658 1246 1722 ho·

136 1754 216 1816 mini
232 1753 427 1817 facultatem
440 1752 607 1816 sentiendi
622 1751 656 1814 id
671 1751 759 1832 apud
775 1773 822 1827 se,
836 1753 903 1816 imo
915 1753 1001 1816 sicut
1017 1773 1038 1816 a
1053 1773 1102 1828 se,
1116 1752 1246 1835 proinde

137 1849 221 1910 sicut
238 1865 344 1918 suum,
361 1855 498 1927 propter
513 1865 648 1909 causam
664 1856 701 1909 ut
718 1845 818 1909 saciat
840 1846 942 1924 illud;
966 1847 1090 1910 namsi
1113 1847 1247 1910 sentiret

137 1941 226 2020 quod
251 1959 318 2002 non
342 1961 362 2002 a
386 1960 421 2002 se
444 1939 503 2002 sed
526 1960 547 2002 a
569 1939 727 2013 Domino,
751 1959 819 2003 non
842 1939 967 2004 iaceret
990 1940 1085 2016 illud,
1102 1941 1248 2004 crederet

135 2036 225 2096 enim
243 2053 279 2097 se
293 2044 373 2096 tunc
390 2052 457 2096 non
473 2032 655 2108 hominem,
671 2033 739 2096 imo
762 2053 824 2096 nec
840 2033 964 2107 vivum,
980 2043 1016 2097 et
1039 2035 1182 2098 tandem
1196 2034 1248 2096 vix

138 2124 235 2188 aliter
249 2146 348 2207 quam
367 2126 451 2189 sicut
467 2136 687 2204 automaton;
710 2136 745 2190 et
768 2127 811 2190 ab
832 2127 1044 2208 experientia
1066 2129 1149 2204 scio,
1165 2127 1248 2211 quod

137 2220 239 2283 homo
255 2221 367 2302 potius
379 2219 482 2284 vellet
499 2222 592 2295 mori,
606 2240 705 2303 quam
719 2222 831 2284 vivere
846 2241 891 2284 ex
907 2219 973 2284 alio
988 2222 1021 2284 in
1038 2242 1075 2286 se
1090 2221 1248 2305 usquead

135 2333 290 2388 sensum;
314 2315 381 2377 imo
396 2315 458 2377 nisi
481 2314 583 2377 homo
599 2315 739 2378 sentiret
763 2315 888 2378 bonum
905 2315 996 2397 quod
1018 2315 1110 2392 iacit,
1127 2318 1211 2380 sicut
1230 2335 1249 2378 a

136 2426 183 2479 se,
200 2426 262 2469 nec
279 2407 404 2470 bonum
420 2417 608 2471 remaneret
623 2408 712 2490 apud
734 2408 837 2484 illum,
854 2409 913 2471 sed
937 2409 1152 2474 transflueret
1167 2412 1248 2473 sicut

135 2519 222 2582 aqua
244 2520 303 2581 per
325 2512 434 2564 utrem
457 2501 670 2582 perforatum,
694 2504 799 2565 etsie
823 2522 884 2565 nec
909 2512 1024 2582 posset
1049 2503 1184 2567 formari
1209 2503 1248 2566 ad

135 2593 278 2668 coelum,
296 2594 360 2658 hoc
377 2605 440 2669 est,
458 2595 627 2658 reformari
647 2607 682 2659 et
706 2597 905 2677 regenerari,
922 2605 956 2658 et
973 2596 1020 2659 sic
1037 2597 1188 2660 salvatus
1202 2598 1246 2660 vi·

135 2708 213 2750 vere
229 2689 262 2749 in
278 2699 461 2751 aeternum.
493 2688 559 2752 Sed
576 2710 618 2752 ne
635 2690 747 2764 homo,
759 2711 802 2751 ex
819 2689 876 2751 illa
891 2692 1099 2770 apparentia,
1110 2692 1247 2755 attribu·

134 2790 206 2844 eret
222 2782 283 2845 sibi
306 2783 442 2855 bonum,
460 2803 517 2845 seu
534 2783 734 2846 charitatem
751 2802 850 2865 quam
866 2782 945 2846 iacit
962 2786 1130 2863 proximo,
1148 2796 1183 2849 et
1205 2785 1246 2848 sic

135 2877 364 2956 appropriaret
377 2876 438 2939 sibi
452 2875 586 2950 malum,
599 2877 674 2939 loco
686 2876 775 2949 boni,
787 2876 956 2939 credendo
969 2897 1004 2939 se
1018 2879 1131 2942 vivere
1144 2901 1189 2943 ex
1204 2900 1245 2949 se.

134 2969 234 3031 etsie
258 2968 364 3031 iacere
381 2970 506 3032 bonum
529 2991 573 3032 ex
597 2990 643 3044 se,
660 2990 699 3033 ac
722 2971 783 3032 sibi
806 2971 977 3034 addiceret
1000 2971 1093 3053 quod
1117 2972 1244 3036 Domini

135 3072 198 3134 est,
216 3061 341 3143 placuit
365 3062 513 3126 Domino
528 3063 676 3126 revelare
693 3064 725 3126 id
746 3065 778 3126 in
795 3063 863 3127 Suo
879 3064 995 3127 Verbo
1010 3075 1046 3128 et
1059 3067 1183 3131 docere
1198 3066 1244 3142 id;

134 3154 215 3217 dicit
232 3157 320 3218 enim
337 3156 512 3232 Dominus,
531 3156 598 3234 Qui
611 3167 719 3220 manet
733 3157 769 3220 in
783 3157 848 3232 Me,
865 3166 896 3219 ct
916 3156 989 3238 Ego
1006 3158 1043 3221 in
1058 3159 1130 3235 illo,
1147 3161 1179 3224 is
1187 3162 1242 3241 sa·

134 3248 179 3309 cit
192 3249 330 3328 srullus
346 3250 465 3313 multos
472 3273 488 3325 ,·
511 3271 588 3313 nam
610 3251 682 3313 sine
702 3251 768 3325 Me,
785 3271 848 3312 non
865 3252 1007 3332 potestis
1021 3253 1140 3332 facere
1161 3256 1244 3336 quic·

134 3363 233 3423 quam
250 3339 468 3424 (Joh.,1¹1xv.,
491 3356 520 3421 5,
539 3353 574 3405 et
594 3343 702 3427 alibi).

134 3509 161 3561 2,
187 3510 258 3567 duod
267 3526 341 3563 nomo
349 3511 437 3579 possit
445 3511 541 3565 lubere
552 3512 703 3565 claritatem
715 3528 732 3564 u
744 3512 848 3565 Domino
859 3512 912 3566 m'si
922 3513 1005 3581 iupiut
1014 3516 1083 3567 mulo
1096 3520 1127 3568 ui
1133 3522 1252 3584 peccatu.

198 3627 260 3691 Per
286 3628 486 3691 charitatem
512 3629 712 3710 intelligitur
737 3630 790 3693 hic
818 3640 854 3694 ut
881 3650 981 3712 supra
1007 3630 1134 3696 bonum
1163 3631 1255 3716 quod

134 3720 237 3784 homo
252 3720 331 3785 iacit
354 3724 520 3803 proximo.
566 3722 696 3786 Bonum
714 3723 823 3788 iacere
846 3725 1003 3806 proximo
1018 3734 1135 3805 potest
1151 3748 1263 3792 unus*

135 3816 284 3897 quisque,
300 3826 371 3878 tarn
387 3815 494 3879 malus
510 3836 610 3899 quam
628 3816 757 3894 bonus3
781 3818 841 3881 sed
863 3818 972 3881 lacere
988 3818 1069 3882 illud
1092 3841 1139 3883 ex
1163 3822 1262 3886 bono

134 3909 224 3989 apud
247 3929 294 3984 se,
318 3929 386 3972 non
411 3919 525 3991 potest
548 3910 666 3993 aliquis
688 3911 750 3973 nisi
773 3932 792 3974 a
816 3911 974 3986 Domino,
997 3922 1033 3976 et
1056 3914 1120 3976 nisi
1146 3914 1258 3997 fugiat

134 4002 224 4065 mala
239 4013 276 4066 ut
292 4013 443 4084 peccata.
481 4003 581 4084 Quod
597 4023 698 4067 nemo
713 4006 819 4086 possit
835 4004 943 4068 iacere
955 4004 1081 4068 bonum
1094 4011 1259 4087 proximo

133 4117 178 4158 ex
195 4097 286 4160 bono
300 4096 389 4178 apud
412 4117 447 4159 se
471 4099 533 4160 nisi
555 4118 575 4160 a
598 4097 756 4172 Domino,
773 4117 855 4161 mox
871 4117 970 4178 supra
985 4107 1162 4163 ostensum
1179 4113 1253 4180 est;

134 4191 223 4271 quod
239 4200 353 4253 autem
366 4210 466 4254 nemo
478 4193 584 4272 possit
597 4192 659 4254 nisi
674 4191 779 4272 fugiat
795 4190 883 4254 mala
895 4200 931 4254 ut
945 4201 1096 4273 peccata,
1110 4204 1164 4258 est
1177 4198 1255 4278 quia

136 4282 300 4346 Dominus
317 4304 383 4347 non
401 4294 515 4366 potest
531 4285 666 4348 influere
689 4286 722 4348 in
742 4284 886 4366 aliquem
903 4304 978 4348 cum
995 4285 1096 4359 bono,
1115 4289 1251 4355 ut121re-

138 4377 291 4459 cipiatur,
314 4378 375 4441 nisi
391 4388 521 4442 remota
537 4389 614 4443 sunt
638 4378 727 4442 mala
742 4378 830 4460 apud
853 4377 957 4454 illum,
971 4378 1060 4442 mala
1075 4382 1167 4445 enim
1183 4403 1251 4448 non
