2776 5040
133 415 177 479 60
606 420 778 471 cononis.

184 595 283 646 “Dixit
300 594 421 659 Jehovah
438 594 473 642 ad
491 592 615 651 Mosen,”
628 591 677 641 Dic
694 591 756 641 filiis
769 591 877 641 Israelis
894 600 924 640 ur
939 591 1022 640 “sint
1040 589 1128 653 parati
1146 590 1173 638 in
1187 590 1244 638 dieu

264 662 380 715 tertium,
394 661 457 723 qula
467 660 511 708 die
528 659 607 708 tertio
618 659 763 707 descendet
775 657 901 771 slelrovalr
920 657 948 705 iu
967 657 1056 705 oculis
1068 656 1159 704 omnis
1170 655 1244 718 populi

263 740 344 788 super
362 724 484 774 Montem
503 724 585 773 Sinai.
725 722 758 772 Et
786 721 876 772 aetum
894 733 937 772 est
955 723 984 771 in
1001 722 1048 770 die
1066 722 1246 770 tertio....u1

263 801 355 841 essent
367 804 448 839 voces
460 799 487 838 et
504 789 610 850 fulgura
621 799 649 838 et
665 789 751 838 nubes
762 783 879 851 gmvisffl
891 802 976 850 super
992 797 1097 845 monte,
1111 797 1139 836 et
1151 800 1201 834 vox
1210 787 1247 833 bu

264 858 340 906 cinae
353 855 431 905 valde
440 857 594 912 vehemens,
609 864 638 903 ut
654 854 799 915 trepidaret
811 854 954 901 universus
967 853 1087 915 populus
1098 853 1144 916 qui
1160 852 1187 900 in
1202 864 1247 899 ms·

263 923 321 971 tris.
454 920 535 969 Mons
548 919 621 968 Sinai
639 929 711 969 totus
723 920 851 975 lumabat,
865 919 930 981 quia
941 919 1086 967 descendit
1103 931 1183 980 super
1197 931 1247 964 eum

265 982 411 1051 Uehovah]
431 987 458 1035 in
476 985 566 1048 igne,”
578 996 605 1034 et
622 986 809 1047 promulgabat
821 998 911 1033 coram
925 984 1029 1046 populo
1047 983 1150 1046 Legem
1165 982 1246 1045 (Eud.

263 1053 317 1102 xix.
328 1065 409 1115 9-24;
427 1065 485 1114 cap.
498 1046 569 1116 [xx]
582 1063 643 1110 ¹·15
656 1047 702 1115 [B.
714 1052 749 1100 A.
764 1046 859 1114 1-181).

134 1195 303 1279 Apparuit
322 1196 427 1259 etiarn
447 1194 614 1258 Dominus
631 1193 756 1275 josuae
775 1202 813 1256 ut

184 1343 339 1406 “Princeps
362 1343 494 1392 exercitus
511 1342 653 1420 Jehovae”
671 1357 762 1417 coram
780 1357 834 1405 quo
856 1341 941 1406 Josua
964 1344 1064 1392 cecidit
1086 1343 1155 1393 facie
1177 1355 1249 1406 super

265 1419 372 1468 terram,
386 1418 413 1458 et
425 1418 532 1457 vocavit
545 1407 624 1457 Illum
637 1408 791 1470 AdonaJum
804 1422 882 1457 suum
894 1408 966 1472 (Jos.
978 1423 1005 1458 v.
1019 1422 1058 1470 13,
1073 1411 1123 1471 14).

205 1552 335 1617 Vocatio
348 1551 501 1635 filiorum
518 1549 662 1614 Israelis
684 1550 734 1613 ad
754 1549 896 1613 Terram
918 1550 1126 1627 Canaonenr,
1146 1553 1194 1615 ita
1213 1550 1251 1614 ad

89 1694 92 1701 -
134 1647 335 1721 Ecclesiam,
360 1648 465 1709 etiam
488 1655 541 1709 ter
574 1642 663 1708 iacta
686 1655 758 1723 est;
794 1666 860 1708 una
882 1646 925 1707 ad
951 1645 1158 1720 Abramum,
1181 1657 1251 1709 ute

134 1753 223 1807 terra
239 1742 349 1824 patria
364 1761 424 1804 sua
440 1740 518 1803 illuc
535 1740 655 1814 abiret,
670 1750 704 1802 et
722 1760 822 1822 porro
837 1741 1019 1823 promissio
1035 1742 1128 1823 quod
1144 1760 1251 1804 semen

135 1837 205 1918 ejus
228 1835 518 1899 haereditaturum
542 1835 585 1896 sit
609 1833 703 1896 illam
722 1844 848 1897 terram
874 1833 971 1914 (Gen.
992 1837 1051 1898 xii.
1073 1835 1168 1917 1-7);
1198 1855 1251 1897 vo-

134 1932 225 1995 catio
241 1931 344 1993 etiam
361 1925 449 1992 faita
464 1939 517 1992 est
535 1949 594 2011 per
610 1928 731 1991 Mosen
746 1928 869 2010 (Exod.
882 1930 924 1991 iii.
942 1929 990 2004 16,
1010 1929 1063 2012 17)
1077 1952 1084 2008 ;
1109 1941 1145 1993 et
1161 1949 1253 2012 porro

134 2045 194 2108 per
211 2025 349 2107 Josuam
370 2023 462 2104 (Jos.
479 2025 498 2085 i.
517 2039 545 2102 3,
561 2043 642 2104 seq,
660 2033 695 2085 et
719 2023 782 2105 11).

197 2134 271 2201 50.
300 2117 427 2180 Foedus
445 2117 546 2180 etiam
556 2117 694 2197 palium
711 2126 763 2179 est
784 2116 958 2199 aliquoties
970 2140 985 2190 ,·
1018 2120 1165 2200 primum
1183 2137 1253 2182 cum

135 2213 290 2276 Abramo
319 2210 468 2294 (dequo
493 2210 570 2274 Gen.
591 2212 670 2273 xvii.
694 2210 809 2293 1-14);
844 2209 997 2294 [deinde]
1028 2233 1107 2275 cum
1132 2213 1254 2295 Populo

137 2307 259 2390 (Exod.
272 2308 366 2369 xxiv.
379 2321 409 2386 7,
423 2308 442 2369 8
455 2328 462 2384 ;
486 2316 521 2369 et
537 2326 648 2388 porro,
660 2305 736 2378 Jos.
749 2307 844 2369 xxiv.
858 2322 908 2384 24,
923 2307 991 2386 25).
1031 2307 1090 2370 Ex
1107 2308 1160 2371 his
1172 2325 1252 2371 nunc

135 2411 241 2485 patet,
259 2402 349 2484 quod
372 2402 499 2483 primus
518 2410 629 2462 status
647 2400 743 2480 hujus
762 2400 938 2463 Ecclesiae
958 2401 1058 2464 suerit
1078 2402 1255 2485 Apparitio

136 2496 272 2558 Domini
301 2495 457 2576 jehovih,
489 2515 527 2557 ac
560 2493 708 2557 Vocatio
739 2505 773 2557 et
805 2493 1081 2570 Conloederati0‚
1112 2508 1148 2559 et
1178 2507 1253 2559 tunc

136 2591 204 2672 ejus
224 2590 328 2652 Ortus
347 2611 405 2652 seu
426 2589 536 2651 Mane.

200 2683 300 2765 Quod
320 2705 379 2765 per
397 2690 415 2715 ‘⁴
429 2683 611 2745 Dominum
629 2683 798 2763 Jehovih’'
815 2684 920 2746 ubivis
940 2685 973 2744 in
993 2683 1113 2747 Verbo
1133 2685 1253 2747 intelli·

136 2790 236 2862 gatur
253 2777 407 2859 Jehovah
428 2779 460 2839 in
483 2777 642 2839 Humano
661 2799 731 2850 su0,
749 2779 803 2859 qui
824 2788 876 2840 est
897 2778 1064 2840 Dominus
1086 2780 1253 2861 Redemp-

137 2887 190 2937 tor
209 2883 246 2936 et
264 2872 422 2937 Salvator
439 2882 565 2946 noster,
586 2873 618 2934 in
638 2873 857 2954 sequentibus
876 2873 1055 2935 videbitur.

195 3058 271 3125 μ·
292 3041 346 3119 (ii.)
372 3040 455 3108 duod
476 3040 632 3102 secundos
656 3045 758 3101 sirius
786 3039 874 3121 iosos
899 3040 1061 3102 [celesius
1088 3041 1187 3103 iverit
1211 3040 1256 3102 in·

136 3132 278 3202 structio,
293 3137 326 3191 ai
339 3131 455 3191 damon
470 3128 656 3191 intromissio
670 3128 700 3189 in
719 3129 844 3191 Terram
859 3129 1044 3200 canaonem,
1057 3136 1091 3191 ai
1105 3136 1179 3193 ione
1193 3131 1256 3212 ojus

137 3223 317 3305 Proprossio
331 3223 361 3282 in
376 3223 475 3282 locem
491 3227 524 3283 ai
537 3221 767 3302 Bias—Supra
786 3223 970 3283 indicatum
995 3231 1047 3283 est
1072 3224 1164 3303 quod
1187 3234 1254 3286 tam

137 3318 291 3381 Ecclesia
308 3317 461 3398 Antiqua
474 3338 531 3379 seu
547 3316 718 3378 Noachica
731 3337 831 3398 quam
849 3317 931 3377 haec
946 3316 1135 3379 Israelitica
1148 3318 1254 3399 quoad

137 3433 273 3476 omnem
293 3412 420 3474 cultum
441 3432 536 3473 suum
561 3412 656 3473 suerit
680 3412 979 3492 repraesentativa.
1026 3411 1139 3474 Causa
1164 3412 1255 3492 hujus

137 3507 369 3589 providentiae
395 3507 537 3568 Divinae
560 3506 631 3579 suit,
652 3506 742 3587 quod
763 3505 918 3585 Jehovah
943 3505 1093 3566 nondum
1114 3507 1254 3569 induerit

139 3602 333 3663 Humanum
365 3601 538 3673 Naturale,
571 3601 660 3682 quod
694 3621 752 3681 per
787 3600 1059 3661 lucarnationem
1095 3602 1128 3661 in
1163 3612 1255 3663 utero

138 3695 275 3769 Mariae,
296 3698 343 3758 ita
367 3696 551 3757 secundum
575 3696 726 3757 ordinem
751 3715 770 3756 a
793 3695 965 3756 creatione
989 3695 1254 3766 constabilitum,

137 3792 304 3870 suscepit;
339 3801 373 3852 et
398 3810 466 3851 non
490 3791 578 3870 prius
602 3791 711 3869 potuit
735 3788 893 3868 conjungi
916 3788 1042 3849 homini
1067 3789 1180 3868 quoad
1207 3789 1254 3849 in·

137 3885 259 3947 teriora
276 3884 409 3964 spiritus
426 3884 505 3963 ejus,
524 3894 558 3946 et
578 3885 623 3946 sic
644 3884 688 3945 ibi
707 3884 749 3944 ad
770 3884 1023 3963 perceptionem
1041 3883 1255 3945 manifestare

138 3979 261 4041 Divina
285 3977 360 4050 Sua,
381 4000 466 4060 quae
490 3990 568 4041 sunt
592 3978 753 4040 caelestia
776 3988 810 4040 et
835 3976 1029 4058 spiritualia,
1056 3987 1092 4038 et
1116 3979 1163 4040 sic
1188 3978 1255 4039 alta

138 4093 237 4155 supra
267 4092 407 4134 acumen
440 4093 597 4134 sensuum
628 4073 787 4153 corporis.
835 4071 909 4133 Hoc
945 4082 1015 4132 tum
1049 4072 1255 4153 impossibile

136 4168 196 4231 fuit
216 4169 302 4230 sicut
322 4179 373 4229 est
391 4169 470 4230 dare
487 4169 539 4229 avi
557 4167 707 4230 volatum
727 4169 760 4228 in
780 4167 983 4239 aethereae
1003 4166 1086 4246 pisci
1104 4185 1255 4246 gressum

138 4264 171 4324 in
194 4283 280 4325 aere.
326 4261 414 4324 Nam
442 4263 469 4324 si
497 4261 650 4342 jehovah
674 4261 761 4342 apud
790 4261 960 4333 hominem
986 4261 1047 4320 nisi
1072 4280 1175 4340 quam
1200 4281 1256 4342 per

139 4356 334 4420 Humanum
368 4377 462 4419 suum
496 4357 648 4430 intraret,
683 4357 768 4418 soret
802 4357 888 4418 sicut
923 4356 1094 4417 termitem
1129 4355 1256 4417 arboris
