2776 5040
427 503 479 554 DE
501 501 649 553 SPIRITU
670 498 828 552 SANCTO.
901 521 904 525 ’

418 885 576 951 CAPUT
608 883 808 950 PRIMUM.

89 1120 185 1203 zuou
209 1119 382 1185 Summus
401 1120 574 1186 Snncrus
596 1134 654 1185 s1r
677 1120 849 1185 Drvruou
872 1132 976 1198 Quou
999 1132 1189 1184 nuocsnrr

199 1229 226 1278 A
257 1213 340 1277 Dao
366 1224 458 1285 uuo.
490 1228 675 1290 maruno,
702 1226 989 1287 ounnoraurn,
1013 1225 1188 1277 ouruscr·

199 1321 311 1381 sura,
329 1321 375 1372 nr
399 1320 730 1383 onunnnsssurs,
750 1321 821 1371 nan
844 1306 1047 1372 Huurnuu
1071 1306 1189 1372 Iesws

199 1415 241 1466 nr
264 1400 409 1466 Mortuo
433 1414 667 1466 assuunruu.

139 1619 166 1666 1.
198 1601 299 1684 Quod
323 1602 468 1685 Spiritus
492 1598 636 1664 Sanetus
659 1619 728 1663 non
756 1620 815 1682 per
837 1598 881 1663 Se
908 1619 968 1662 seu
991 1596 1188 1682 singulatim

284 1698 328 1759 sit
353 1697 455 1769 Deus,
477 1714 539 1757 nec
558 1694 648 1776 quod
668 1694 831 1775 procedat
855 1714 875 1756 a
898 1693 974 1756 Deo
990 1714 1050 1775 per
1065 1692 1188 1757 Filium

284 1800 321 1852 ut
353 1790 500 1852 Persona
533 1809 553 1851 a
584 1786 750 1861 Personis,
781 1787 966 1850 secundum
997 1784 1186 1849 dodirinam

285 1883 451 1946 ecclesiae
470 1882 664 1945 hodiernae.

136 1993 167 2042 2.
199 1975 300 2058 Quod
323 1977 388 2040 hoc
412 1997 548 2059 prorsus
571 1996 639 2039 non
662 1975 816 2058 quadret,
836 1976 913 2058 quia
935 1972 1095 2038 definitur
1111 1994 1188 2056 per·

284 2092 369 2134 sona
388 2071 478 2154 quod
497 2074 541 2133 sit
561 2091 629 2133 non
648 2090 726 2152 pars
746 2079 782 2134 et
805 2070 951 2152 qualitas
973 2071 1008 2132 in
1027 2068 1105 2144 alio,
1128 2068 1188 2131 sed

283 2165 373 2247 quod
397 2167 529 2247 proprie
548 2165 713 2228 subsistit.

139 2274 168 2341 3.
196 2258 285 2321 Turn
311 2257 474 2340 [dicitur‚]
495 2258 585 2341 quod
609 2258 749 2321 tametsi
772 2259 961 2339 proprietas
983 2267 1020 2321 et
1043 2257 1189 2340 qualitas

285 2354 381 2414 unius
408 2353 451 2414 ab
469 2352 608 2415 alterius
628 2353 696 2415 sint
721 2362 911 2433 separatae,
931 2373 1035 2435 usque
1059 2352 1103 2415 ab
1124 2371 1190 2414 una

285 2455 320 2510 et
337 2435 508 2508 indiuidua
524 2446 673 2509 essentia
687 2447 765 2508 sint.

136 2557 167 2621 4
199 2537 300 2623 Quod
317 2541 395 2603 inde
411 2540 653 2604 inevitabiliter
668 2540 811 2604 resultat
828 2560 896 2603 non
913 2540 1016 2604 modo
1034 2539 1110 2603 idea
1128 2539 1189 2603 sed

285 2636 389 2699 etiam
402 2635 568 2697 consessio
582 2635 682 2696 trium
696 2634 855 2708 Deorum,
870 2636 924 2717 qui
937 2644 1053 2698 tamen
1066 2655 1111 2697 ex
1124 2632 1189 2697 fide

287 2728 480 2793 Christiana
503 2748 571 2790 non
594 2728 749 2791 dicentur
772 2739 843 2792 tres
865 2727 926 2792 sed
949 2747 1044 2802 unus,
1068 2747 1188 2791 secun·

287 2825 367 2886 dum
387 2821 586 2902 Symbolum
606 2821 798 2885 Athanasii.

141 2932 168 3000 5.
200 2915 301 2998 Quod
319 2918 445 2978 veritas
464 2917 519 2988 sit,
537 2915 627 2997 quod
646 2916 690 2979 ab
708 2924 849 2978 aeterno
867 2935 926 2978 seu
944 2924 1025 2978 ante
1044 2915 1189 2978 creatio·

287 3030 364 3072 nem
378 3030 446 3072 non
459 3009 581 3073 suerint
594 3020 663 3072 tres
677 3009 854 3081 Personae,
866 3027 1005 3090 quarum
1019 3028 1189 3090 unaquae-

285 3105 335 3166 vis
359 3102 419 3167 luit
444 3104 556 3180 Deus;
584 3103 632 3165 ita
655 3121 723 3165 non
746 3112 815 3165 tres
836 3100 968 3176 infiniti,
988 3111 1058 3165 tres
1080 3102 1188 3166 incre·

286 3199 345 3272 ati,
370 3208 441 3261 tres
463 3197 629 3271 immensi,
653 3196 793 3270 aeterni,
818 3195 1188 3278 omnipotentes-sed

287 3290 396 3356 Unus.

137 3385 169 3450 6.
199 3384 250 3450 At
266 3387 356 3468 quod
374 3395 452 3468 post
464 3385 672 3447 creationem
686 3393 809 3447 exorta
824 3384 868 3446 sit
885 3382 1008 3446 Divina
1020 3383 1190 3458 Trinitas;

287 3483 447 3562 quoniam
470 3488 551 3542 tunc
576 3499 620 3542 ex
645 3477 745 3541 Patre
769 3486 946 3542 natusest
969 3476 1083 3552 Filius,
1108 3485 1144 3539 et
1170 3497 1190 3540 a

289 3574 389 3637 Patre
405 3594 464 3654 per
484 3573 606 3635 Filium
625 3571 779 3655 procedit
798 3569 960 3635 Sandium
979 3570 1068 3654 quod
1086 3589 1189 3633 voca·

286 3677 341 3731 tur
359 3666 502 3749 Spiritus
522 3664 676 3729 Sanetus.

138 3775 169 3841 7.
200 3758 301 3842 Quod
332 3762 420 3834 inde,
441 3762 518 3843 quia
543 3760 642 3822 Pater
665 3769 718 3824 est
749 3761 863 3825 anima
885 3769 921 3824 et
950 3760 1021 3823 vita
1044 3759 1131 3835 Filii,
1150 3779 1190 3824 ac

289 3854 394 3918 Filius
411 3855 594 3917 humanum
608 3874 729 3936 corpus
742 3855 861 3929 Patris,
875 3873 914 3918 ac
928 3853 1071 3935 Spiritus
1083 3852 1190 3917 Sanc·

287 3959 342 4013 tus
359 3949 517 4012 Divinum
537 3949 736 4031 procedens,
754 3960 914 4031 sequatur
932 3947 1022 4031 quod
1041 3947 1190 4010 consub-

288 4043 468 4107 stantiales
481 4045 549 4107 sint
562 4065 569 4120 ;
594 4053 629 4106 et
645 4043 724 4106 inde
735 4043 825 4126 quod
839 4062 906 4105 non
919 4039 1117 4123 singulatim
1130 4041 1191 4104 sed

289 4135 495 4219 conjunttim
512 4138 711 4200 subsistant.

142 4233 172 4298 8.
203 4231 249 4296 Et
276 4232 367 4314 quod
392 4233 469 4313 quia
496 4232 684 4312 proprietas
712 4231 806 4293 unius
830 4229 1015 4293 secundum
1038 4228 1190 4292 ordinem

290 4326 461 4389 derivetur
480 4335 515 4389 et
535 4326 756 4388 transcendat
775 4325 808 4386 in
827 4323 983 4398 alterum,
1003 4332 1039 4387 et
1062 4321 1106 4385 ab
1124 4320 1189 4385 hoc

286 4421 320 4483 in
340 4420 489 4496 tertium,
510 4421 577 4483 sint
597 4439 663 4482 una
683 4419 841 4495 Persona,
861 4419 909 4482 ita
928 4437 1012 4480 unus
1031 4417 1135 4481 Deus.
