2776 5040
184 439 225 519 36
654 449 825 501 cononis.

183 619 345 686 facultate
364 620 545 703 recipiendi
564 630 599 684 et
618 619 861 702 reproducendi
880 619 1054 683 influentia
1071 640 1090 682 a
1111 618 1187 682 Deo
1206 639 1298 701 pror·

183 736 239 779 sus
266 727 302 780 ut
329 737 349 778 a
375 737 421 790 se,
447 736 515 778 non
537 715 624 778 soret
647 717 677 777 ei
700 715 835 797 aliquod
859 735 954 777 suum
979 735 1018 778 ac
1043 717 1215 797 proprium
1239 715 1298 776 nisi

183 810 459 892 imperceptibile,
475 810 565 892 quod
583 819 636 872 est
655 809 762 872 simile
779 811 913 891 proprio
930 808 1094 890 sculptilis
1113 809 1298 871 inanimati.

183 903 252 968 Sed
275 904 369 986 plura
391 904 434 966 de
456 905 603 984 imagine
625 913 660 965 et
683 902 901 965 similitudine
924 902 987 965 Dei
1010 903 1100 984 apud
1127 902 1298 965 hominem

183 998 361 1061 videantur
384 999 416 1060 in
438 996 651 1060 Memorabili
670 998 703 1059 in
727 1017 828 1078 opere
851 996 1077 1078 praecedente
1101 995 1195 1076 cujus
1218 996 1297 1058 haec

183 1102 237 1156 est
257 1091 455 1174 Appendix,
472 1111 504 1154 n.
519 1094 570 1169 48.

243 1282 307 1352 27·
336 1268 391 1339 (ii.)
413 1268 572 1331 Secundus
590 1272 694 1330 elutus
705 1264 939 1347 antiquissimu
953 1265 1041 1348 hujus
1055 1264 1230 1339 eeclesiae,
1245 1282 1300 1329 esu

184 1360 365 1443 progressio
375 1359 441 1441 ojus
455 1359 486 1420 in
499 1358 618 1431 lucem,
630 1364 664 1421 st
676 1358 757 1429 dise,
770 1358 968 1421 describitur
980 1360 1012 1420 in
1025 1359 1177 1421 secundo
1189 1360 1297 1440 capite

186 1453 353 1529 Geneseos,
373 1474 432 1536 per
450 1453 553 1516 haec:

236 1590 253 1612 ⁸¹
265 1587 399 1638 Plantavit
418 1584 564 1652 [Jehovah]
584 1586 657 1636 Deus
669 1586 776 1635 hortum
795 1588 822 1635 in
841 1585 916 1635 Eden
934 1587 968 1635 ab
985 1588 1098 1645 oriente,
1112 1597 1139 1635 et
1158 1588 1248 1650 posuit
1264 1588 1299 1635 ibi

315 1656 451 1702 bominem
470 1667 547 1715 quem
566 1654 737 1710 formaverat,
841 1653 875 1700 ad
892 1653 1034 1701 colendum
1052 1663 1079 1700 et
1096 1653 1298 1701 custodiendum

315 1720 398 1768 illum.
420 1756 426 1767 .
439 1755 445 1767 .
457 1755 462 1767 .
476 1755 482 1767 .
504 1718 536 1767 Et
549 1718 748 1780 progerminare
761 1718 823 1766 iecit
834 1717 955 1781 Jebovab
970 1714 1065 1780 [Deus.
1078 1732 1112 1766 ex
1124 1714 1231 1781 bumo,]
1245 1732 1299 1765 orn-

315 1799 376 1833 nem
394 1785 517 1832 arborem
529 1783 731 1831 desiderabilem
749 1780 867 1844 aspedlu,
882 1791 908 1831 et
926 1785 1024 1830 bonam
1040 1783 1066 1830 in
1085 1783 1194 1839 cibum;
1217 1793 1245 1832 et
1261 1798 1299 1830 ar·

314 1852 407 1898 borem
421 1849 490 1897 vitae
503 1849 529 1896 in
543 1849 631 1897 medio
643 1849 720 1905 horti,
732 1859 758 1897 et
771 1849 893 1896 arborem
903 1848 1031 1896 scientiae
1043 1848 1108 1896 boni
1120 1858 1148 1896 et
1160 1848 1232 1896 mali.
1268 1847 1299 1896 Et

315 1915 410 1963 fluvius
428 1913 509 1963 exivit
526 1929 560 1961 ex
579 1913 652 1962 Eden
670 1914 704 1961 ad
721 1913 883 1975 irrigandum
902 1913 1008 1960 hortum
1011 1949 1095 1970 .....
1107 1913 1151 1975 qui
1170 1911 1257 1962 ladius
1274 1915 1298 1961 in

315 1977 547 2043 quatuorcapita‚”
555 1978 581 2026 in
590 1992 701 2042 quorum
711 1979 796 2040 primo
803 1986 859 2027 erat
866 1992 958 2026 aurum
966 1988 992 2026 et
999 1977 1066 2040 lapis
1073 1979 1213 2027 schobam.
1242 2015 1248 2028 .
1259 2016 1265 2027 .
1276 2014 1297 2026 ..

317 2045 378 2093 “Et
396 2045 529 2106 praecepit
546 2043 667 2109 Jebovah
687 2043 759 2091 Deus
777 2043 888 2099 homini,
908 2043 1030 2097 dicendo,
1051 2042 1093 2092 De
1110 2044 1187 2092 omni
1205 2045 1298 2091 arbore

314 2110 384 2159 horti
396 2111 515 2167 comede,
528 2110 576 2158 sed
593 2109 627 2157 de
644 2110 739 2157 arbore
751 2109 877 2158 scientiae
890 2108 953 2156 boni
970 2118 997 2156 et
1014 2109 1078 2156 mali
1097 2124 1152 2156 non
1170 2107 1300 2158 comede”

315 2174 393 2235 (vers.
410 2175 492 2236 8-17).

186 2301 287 2384 Quod
314 2304 505 2385 progressio
531 2301 626 2382 hujus
653 2300 828 2364 Ecclesiae
854 2302 887 2363 in
914 2300 1022 2363 lucem
1047 2321 1106 2364 seu
1129 2301 1218 2364 diem
1242 2302 1299 2364 de·

185 2398 350 2461 scribatur
369 2418 428 2478 per
446 2396 536 2478 quod
556 2394 711 2458 Adamus
734 2396 863 2477 positus
882 2396 924 2458 sit
948 2397 980 2457 in
1004 2395 1141 2458 hortum
1162 2395 1298 2467 Edenis,

186 2502 238 2554 est
265 2493 341 2574 quia
372 2512 430 2572 per
459 2490 648 2553 “hortum'’
670 2488 876 2569 significatur
904 2489 1058 2551 Ecclesia
1084 2490 1197 2571 quoad
1224 2511 1299 2552 vera

186 2596 221 2648 et
248 2588 337 2648 bona
365 2585 443 2664 ejus.
489 2584 589 2666 Quod
617 2606 661 2646 ex
691 2584 789 2645 Eden
817 2584 961 2645 exiverit
989 2583 1107 2646 fluvius
1134 2582 1241 2647 ladius
1268 2587 1298 2646 in

186 2689 330 2760 quatuor
361 2681 484 2760 capita,
515 2680 547 2740 in
582 2698 722 2759 quorum
755 2678 862 2758 primo
893 2688 964 2739 erat
996 2698 1113 2740 aurum
1147 2688 1182 2741 et
1217 2679 1299 2759 lapis

187 2776 363 2847 schoham,
389 2774 558 2854 significat
586 2774 676 2855 quod
703 2775 736 2835 in
765 2773 920 2835 Ecclesia
946 2772 1003 2834 illa
1030 2784 1121 2836 esset
1149 2772 1300 2837 dodtrina

186 2868 265 2930 boni
284 2879 318 2931 et
337 2870 417 2941 veri,
437 2868 604 2930 “fluvius''
621 2870 709 2929 enim
729 2867 895 2948 significat
915 2864 1115 2942 doctrinam,
1134 2868 1299 2930 “aurum''

186 2961 255 3043 ejus
282 2963 418 3036 bonum,
446 2973 481 3025 et
509 2963 621 3043 “lapis
651 2961 841 3024 schoham”
868 2961 937 3042 ejus
964 2982 1090 3024 verum.
1137 2961 1238 3043 Quod
1268 2964 1299 3024 in

185 3057 286 3121 horto
310 3057 368 3120 illo
387 3060 518 3138 positae
537 3057 658 3119 fuerint
678 3057 763 3117 duae
779 3058 925 3127 arbores,
946 3075 1011 3118 una
1030 3058 1121 3118 vitae
1141 3067 1176 3119 et
1195 3057 1300 3119 altera

186 3153 348 3215 scientiae
367 3153 445 3214 boni
469 3161 503 3213 et
527 3150 616 3223 mali,
636 3160 708 3213 erat
732 3151 809 3231 quia
829 3149 970 3212 “Arbor
989 3150 1091 3213 Vitae
1100 3151 1115 3174 ”
1134 3152 1298 3232 significat

188 3246 380 3316 Dominum,
405 3247 436 3307 in
460 3267 526 3326 quo
553 3255 587 3308 et
615 3267 659 3307 ex
683 3267 749 3326 quo
773 3256 824 3307 est
848 3247 918 3307 vita
941 3247 1063 3307 amoris
1086 3247 1245 3309 caelestis
1267 3257 1299 3308 et

186 3342 382 3421 sapientiae,
400 3362 485 3421 quae
505 3342 537 3401 in
555 3361 590 3402 se
606 3351 658 3402 est
675 3342 744 3401 vita
760 3350 917 3415 aeterna;
942 3360 979 3401 ac
999 3340 1125 3402 “arbor
1142 3342 1299 3403 scientiae

187 3434 266 3495 boni
289 3443 323 3495 et
348 3433 425 3495 mali
435 3433 449 3457 ”
468 3433 636 3513 significat
660 3434 842 3507 hominem,
863 3435 894 3495 in
919 3455 985 3516 quo
1008 3443 1061 3495 est
1085 3435 1156 3496 vita
1180 3435 1299 3497 amoris

187 3527 366 3599 infernalis,
387 3537 421 3590 et
445 3528 522 3589 inde
542 3528 670 3589 insania
692 3529 725 3589 in
749 3529 846 3589 rebus
867 3527 1050 3598 Ecclesiae,
1071 3548 1158 3610 quae
1177 3531 1247 3590 vita
1269 3530 1299 3589 in

186 3642 222 3684 se
242 3619 395 3703 spedtata
414 3631 466 3683 est
486 3641 576 3684 mors
595 3632 743 3684 aeterna,
789 3620 889 3700 Quod
910 3622 1039 3684 licuerit
1059 3623 1239 3685 comedere
1258 3643 1298 3685 ex

187 3718 278 3778 omni
305 3717 422 3778 arbore
449 3715 539 3778 horti
567 3726 702 3796 praeter
729 3737 772 3777 ex
798 3717 946 3778 “arbore
970 3718 1133 3778 scientiae
1160 3718 1241 3780 boni
1267 3727 1298 3778 et

187 3809 295 3882 mali‚'’
318 3808 486 3889 significat
510 3810 650 3872 liberum
674 3811 846 3872 arbitrium
870 3811 902 3871 in
927 3809 1166 3891 spiritualibus,
1191 3812 1299 3873 omnia

187 3905 276 3967 enim
303 3902 393 3965 horti
421 3904 655 3984 significabant
683 3900 905 3983 spiritualial¹¹;
938 3924 1016 3966 nam
1043 3904 1171 3984 absque
1198 3903 1299 3966 libero

187 4000 324 4061 arbitrio
341 4000 372 4059 in
390 3998 465 4071 illis,
480 3999 582 4061 homo
598 4017 809 4079 nequaquam
826 4008 941 4078 potest
957 3998 1114 4079 progredi
1130 3999 1164 4060 in
1182 3998 1298 4069 lucem,

186 4091 252 4155 hoc
269 4103 332 4165 est,
350 4094 382 4153 in
399 4113 477 4154 vera
488 4102 523 4154 et
542 4093 631 4155 bona
644 4092 828 4164 Ecclesiae,
839 4102 874 4155 et
890 4092 951 4154 sibi
967 4111 1164 4172 comparare
1177 4094 1298 4167 vitam;

187 4188 213 4250 si
233 4188 322 4250 enim
338 4187 403 4248 hoc
421 4207 487 4248 non
504 4188 650 4250 intendit
668 4196 702 4248 et
719 4188 856 4267 satagit,
873 4196 1047 4267 comparat
1064 4188 1126 4248 sibi
1146 4197 1298 4248 mortem.

187 4280 288 4362 Quod
314 4281 461 4342 “hortus
471 4281 485 4304 ”
509 4280 676 4362 significet
701 4280 890 4342 Ecclesiam
913 4281 1023 4361 quoad
1047 4300 1128 4342 vera
1151 4290 1186 4342 et
1213 4282 1299 4342 bona

186 4376 266 4456 ejus,
290 4385 343 4439 est
367 4395 412 4437 ex
435 4375 735 4458 correspondentia
758 4376 885 4438 arboris
908 4395 983 4437 cum
1011 4375 1171 4453 homine;
1203 4374 1299 4437 arbor
