2776 5040
242 523 293 573 DE
316 520 485 573 SAECULO
508 519 714 571 ARGENTEO
738 519 1078 570 MEMORABILE-N.
1096 525 1148 586 44.
1216 523 1253 590 55

198 709 272 778 44.
303 688 439 755 Βὶἃυιη
458 702 511 755 est
535 691 625 773 quod
644 712 690 754 ex
708 690 841 773 populis
859 689 1003 772 cujusvis
1022 690 1198 754 Ecclesiae
1222 693 1255 754 in

133 786 201 850 fine
229 787 298 868 ejus
321 785 446 849 latium
469 788 513 848 sit
540 804 665 848 novum
689 784 830 848 Caelum
853 795 888 849 et
916 804 1042 848 novum
1065 786 1255 863 Insernum;

133 892 171 946 et
198 883 276 966 quia
302 882 336 944 in
359 882 522 944 lemmate
546 881 773 962 praecedente
796 881 839 943 de
862 879 968 944 Caelo
991 890 1027 943 et
1051 880 1187 943 lnserno
1211 903 1255 944 ex

132 976 201 1039 illis
231 977 286 1059 qui
316 976 360 1038 ab
387 975 635 1058 Antiquissima
665 974 822 1037 Ecclesia
852 974 995 1048 suerunt,
1027 977 1255 1039 narrationem
1333 1035 1340 1045 ,

133 1071 236 1144 edidi,
251 1071 333 1134 libet
350 1071 453 1134 etiam
470 1071 512 1133 de
528 1070 599 1148 his;
623 1070 666 1132 ad
681 1068 746 1132 hoc
760 1070 850 1132 enim
863 1069 943 1131 mihi
960 1069 1060 1132 datus
1073 1079 1126 1132 est
1138 1090 1255 1133 acces·

133 1185 203 1238 sus,
223 1166 381 1248 quoniam
401 1165 519 1227 datum
539 1173 591 1226 est
610 1163 772 1226 mundum
791 1163 999 1246 spiritualem
1022 1166 1199 1245 pervagari
1221 1175 1255 1227 et

134 1260 291 1334 lustrare,
310 1270 449 1341 propter
468 1258 569 1321 finem
588 1255 657 1320 nel¹¹
674 1257 830 1320 Ecclesia
849 1258 947 1320 Nova
965 1278 1044 1320 vere
1064 1257 1256 1321 Christiana

134 1355 236 1417 sitin
260 1352 406 1435 caligine
429 1354 471 1416 de
495 1352 600 1417 Caelo
623 1362 658 1415 et
683 1352 827 1426 lnl'erno,
848 1352 957 1435 deque
979 1362 1071 1415 sorte
1095 1372 1154 1415 sua
1177 1364 1256 1434 post

134 1457 294 1522 mortem,
314 1447 499 1511 secundum
518 1445 595 1511 aeta
613 1448 704 1510 vitae
723 1467 812 1509 suae.
857 1445 944 1509 Sunt
964 1447 1046 1509 haec
1064 1468 1197 1530 quoque
1221 1450 1255 1511 in

134 1542 300 1624 opusculo
312 1543 354 1604 de
367 1540 494 1604 Amore
507 1539 700 1624 Corpicgialr'
713 1538 760 1624 (n.
773 1540 840 1624 76).
878 1540 930 1605 De
944 1540 1049 1605 Caelo
1066 1563 1110 1605 ex
1127 1542 1192 1604 illis
1205 1562 1257 1603 :—

190 1719 206 1740 ⁴⁴
216 1711 307 1765 Venit
320 1711 357 1766 ad
372 1727 420 1765 me
433 1711 557 1782 angelus
571 1722 601 1766 et
615 1711 699 1773 dixit,
710 1710 780 1765 ‘Vis
793 1720 827 1764 ut
836 1712 962 1766 comiter
971 1722 1001 1765 te
1014 1712 1051 1765 ad
1066 1714 1193 1782 populos
1203 1715 1255 1783 qui

135 1784 167 1836 in
181 1783 268 1837 Aevo
281 1798 333 1836 seu
348 1781 473 1837 Saeculo
484 1783 638 1852 Argenteo
647 1782 793 1844 vixerunt,
804 1791 838 1835 ut
851 1798 887 1836 ex
902 1782 958 1836 illis
970 1783 1126 1837 audiamus
1139 1784 1176 1838 de
1191 1785 1256 1838 illo-

134 1869 202 1907 rum
216 1854 360 1922 temporis
375 1853 506 1906 moribus
521 1862 552 1907 et
564 1850 662 1907 vital'l'
701 1852 739 1906 Et
752 1852 848 1922 inquit
861 1852 941 1923 quod
962 1869 1022 1906 non
1041 1854 1186 1907 adeantur
1199 1855 1255 1908 nisi

134 1940 173 1978 ex
186 1924 320 1993 auspicio
335 1923 465 1977 Domini.

190 2001 206 2023 ‘⁶
216 1993 323 2048 Factus
336 2010 401 2048 sum
423 1994 452 2046 in
471 1993 586 2063 spiritu,
600 2009 634 2048 ae
651 1994 812 2048 comitatus
825 2009 891 2046 sum
904 1994 1011 2047 ducem
1026 2009 1133 2056 meum,
1147 2005 1178 2049 et
1197 1995 1256 2064 pri-

135 2080 220 2118 mum
242 2064 281 2118 ad
303 2065 410 2119 collem
435 2065 464 2117 in
487 2063 619 2118 confinio
640 2064 764 2119 orientis
782 2080 850 2118 cum
870 2064 1008 2125 meridie;
1032 2075 1148 2118 etcum
1167 2081 1257 2135 super

136 2135 190 2189 illo
202 2135 281 2189 clivo
299 2151 425 2196 eramus,
438 2135 572 2189 ostendit
592 2135 664 2188 mihi
684 2150 821 2206 magnam
841 2134 1046 2189 extensionem
1066 2134 1178 2190 trattus
1197 2147 1257 2190 ter·

136 2222 195 2267 rae,
217 2215 249 2260 et
271 2205 402 2260 vidimus
425 2206 527 2275 procul
549 2205 742 2259 eminentiam
764 2205 841 2259 sicut
864 2215 1044 2266 montanam,
1068 2205 1144 2260 inter
1165 2223 1255 2276 quam

135 2287 168 2331 et
177 2276 285 2330 collem
298 2292 389 2345 super
399 2292 460 2345 quo
471 2275 609 2330 stetimus
621 2286 685 2330 erat
697 2275 791 2337 vallis,
802 2285 833 2329 et
846 2285 915 2345 post
928 2277 1005 2329 hanc
1018 2275 1163 2345 planities,
1175 2287 1205 2331 et
1218 2280 1255 2331 ab

135 2347 193 2401 hac
206 2347 358 2401 acclivitas
371 2347 451 2401 lente
465 2362 597 2417 surgens.

191 2415 1217 2477 “Descendimusecolletransiturivallem‚etvidimusalateribushic
1226 2428 1255 2472 et

136 2488 287 2571 illicligna
295 2499 325 2542 et
333 2504 405 2542 saxa
413 2489 442 2541 in
452 2487 561 2558 figuras
569 2487 733 2569 nominum.
743 2487 927 2570 etvariarum
937 2488 1108 2549 bestiarum,
1117 2489 1215 2570 avium
1225 2498 1256 2543 et

136 2559 426 2698 peruecta.
439 2555 1256 2699 ares'saltatricisinaestuet.

135 2699 247 2754 riarum
259 2699 404 2753 virtutum
416 2699 572 2753 moralium
587 2708 618 2752 et
627 2698 786 2752 veritatum
800 2715 815 2753 s
838 2698 1016 2753 iritualium.'
1054 2698 1162 2753 Fuerat
1174 2700 1254 2769 apud

136 2769 265 2853 populos
279 2769 358 2824 illius
376 2769 482 2823 aetatis
500 2768 625 2823 scientia
643 2784 803 2838 correspon
827 2769 989 2832 entiamm;
1014 2778 1044 2823 et
1063 2771 1133 2839 quia
1151 2771 1252 2834 bestia

134 2856 208 2902 avis.
222 2841 311 2910 piscis
323 2839 538 2909 correspondet
550 2838 638 2893 alicui
652 2840 795 2908 qualitati.
807 2840 874 2894 ideo
885 2841 1107 2910 unumquodvis
1117 2841 1253 2910 sculptile

135 2920 341 2981 repraesentat
360 2920 391 2965 et
408 2909 557 2981 significat
575 2909 687 2979 aliquid
701 2910 851 2981 singulare
865 2911 984 2965 virtutis
997 2921 1049 2965 aut
1067 2911 1209 2973 veritatis,
1224 2921 1255 2966 et

135 2981 222 3052 plura
234 2981 322 3036 simul
342 2981 435 3050 ipsam
450 2981 592 3034 virtutem
606 2990 657 3034 aut
670 2981 826 3035 veritatem
847 2981 876 3034 in
895 2982 1023 3052 quadam
1038 2983 1190 3035 communi
1204 2999 1254 3036 ex-

135 3064 223 3107 tensa
236 3051 346 3113 forman
365 3061 435 3105 sunt
448 3051 498 3105 illa
532 3066 588 3104 uae
602 3050 631 3104 in
647 3052 786 3122 Aegypto
799 3061 905 3106 vocata
917 3061 987 3105 sunt
1000 3051 1229 3123 hieroglyphica

191 3122 403 3176 “Perreximus
416 3138 468 3191 per
481 3067 604 3184 vallem:
627 3132 657 3175 et
676 3122 748 3175 dum
765 3122 939 3176 intravimus
953 3122 1115 3191 planitiem,
1130 3138 1198 3177 ecce
1211 3123 1254 3176 vi-

136 3192 236 3247 dimus
249 3209 342 3262 equos
355 3202 386 3247 et
395 3209 512 3254 currus;
532 3209 625 3262 equos
635 3193 715 3247 varie
730 3192 898 3262 phaleratos
908 3204 939 3247 et
948 3193 1132 3262 capistratos‚
1144 3209 1178 3247 ac
1187 3210 1254 3248 eur-

136 3280 187 3318 rus
200 3262 428 3323 diversilormes,
441 3263 587 3333 quosdam
601 3263 778 3332 exsculptos,
792 3264 870 3317 sicut
882 3263 1003 3332 aquilas,
1038 3264 1162 3318 uosdam
1177 3264 1254 3318 sicut

137 3333 302 3392 unicornes.
313 3334 457 3404 quosdam
469 3333 547 3388 sicut
557 3333 710 3396 balaenas;
726 3343 756 3388 et
766 3349 885 3404 quoque
896 3334 925 3386 in
938 3333 995 3387 fine
1005 3280 1104 3403 aliqua
1115 3334 1252 3403 plaustra.

136 3414 168 3459 et
180 3403 292 3458 circum
311 3403 349 3458 ad
369 3404 461 3458 latera
479 3404 605 3458 stabula.
642 3404 685 3458 At
697 3421 765 3458 cum
784 3404 1095 3486 appropinquavimus,
1109 3415 1170 3458 tam
1184 3405 1253 3474 equi

136 3475 390 3544 quamcurrusdis
430 3475 485 3528 rati
494 3483 572 3536 sunt,
581 3484 674 3544 etpro
683 3474 878 3529 illisvidrmus
888 3474 1025 3528 homines
1036 3475 1154 3543 pariaet
1163 3476 1253 3544 paria,

136 3545 331 3606 ambulantes.
347 3546 552 3615 coloquentes
571 3555 602 3599 et
621 3545 840 3600 ratiocinantes.
879 3544 916 3599 Et
935 3545 1010 3598 dixit
1030 3545 1101 3598 mihi
1121 3545 1252 3615 angelus.

137 3614 273 3685 ‘Species
286 3631 439 3686 equorum,
453 3631 601 3676 curruum.
615 3625 646 3669 et
659 3616 852 3676 stabulorum,
866 3632 882 3670 e
902 3615 1067 3685 longinquo
1079 3616 1167 3677 visae,
1183 3626 1253 3670 sunt

135 3687 327 3756 apparentiae
336 3685 487 3739 rationalis
498 3686 712 3757 intelligentiae
723 3686 877 3740 hominum
889 3686 966 3740 illius
975 3686 1065 3746 Aevi;
1078 3702 1164 3754 equus
1173 3687 1252 3740 enim

136 3771 174 3811 ex
199 3756 464 3826 correspondentia
488 3755 637 3826 significat
660 3754 844 3810 intelleflum
866 3757 936 3817 veri.
958 3772 1065 3809 crrrrus
1085 3753 1252 3810 doctrinam

136 3827 210 3897 ejus,
220 3842 256 3881 ac
267 3826 380 3880 stabula
395 3826 460 3880 loca
469 3824 681 3881 instrutlionis.
719 3826 805 3881 Nosti
816 3827 896 3896 quod
911 3826 1012 3881 omnia
1025 3827 1054 3880 in
1068 3826 1126 3881 hoc
1139 3827 1253 3881 mundo

136 3897 300 3952 secundum
314 3897 592 3966 correspondentias
604 3897 784 3966 appareant!

191 3965 274 4022 “Sed
288 3967 513 4036 praeterivimus
526 3967 608 4028 haec,
622 3978 653 4022 et
672 3984 724 4038 per
736 3967 880 4022 acclivum
894 3967 1092 4022 ascendimus.
1131 3967 1168 4021 Et
1186 3976 1252 4021 tan·

136 4038 205 4092 dem
219 4038 349 4092 vidimus
362 4038 475 4098 urbem.
489 4054 579 4107 quam
594 4038 785 4100 intravimus;
810 4048 841 4092 et
861 4038 890 4090 in
905 4039 1104 4108 pervadendo.
1115 4054 1132 4092 e
1145 4038 1252 4108 plateis

136 4118 167 4162 et
180 4107 253 4163 loris
262 4108 452 4163 lustravimus
465 4109 530 4162 e'us
540 4108 655 4163 domos.
694 4107 727 4162 ln
739 4108 838 4163 medio
848 4108 912 4177 ejus
923 4118 1007 4163 erant
1021 4109 1130 4178 palatia
1139 4105 1252 4163 structa

136 4194 173 4232 ex
187 4193 348 4240 marmore:
370 4188 440 4233 ante
455 4125 505 4232 ilia
516 4189 602 4233 erant
613 4179 723 4250 gradus
735 4195 772 4234 ex
784 4179 941 4240 alabastro.
955 4189 985 4233 et
1004 4179 1064 4248 [ad]
1083 4180 1176 4233 latera
1187 4195 1251 4249 gra-

136 4249 229 4303 duum
252 4250 409 4303 columnae
431 4265 468 4303 ex
489 4248 613 4331 jaspide.
655 4248 793 4303 Vidimus
815 4249 904 4305 etiam
927 4250 1039 4319 templa
1060 4265 1097 4303 ex
1119 4249 1251 4318 pretioso

136 4319 243 4390 lapide,
263 4319 372 4374 coloris
391 4319 555 4402 sapphirini
574 4330 605 4375 et
623 4319 740 4374 lazurei.
779 4320 816 4374 Et
835 4320 911 4374 dixit
930 4320 1003 4373 mihi
1023 4320 1155 4391 angelus,
1174 4318 1251 4373 ‘Do-

137 4407 203 4445 mus
217 4391 273 4445 illis
287 4406 323 4445 ex
343 4390 491 4460 lapidibus
503 4399 582 4451 sunt,
595 4391 666 4459 quia
677 4389 789 4460 laptiies
801 4389 971 4461 significant
980 4390 1121 4444 veritates
1134 4399 1251 4445 natura·

136 4460 186 4523 les.
200 4471 231 4516 et
248 4460 361 4531 Iapides
372 4462 501 4530 pretiosi
510 4459 650 4517 veritates
661 4460 845 4531 spiritualest
872 4471 903 4516 et
915 4461 1054 4516 omnibus
1073 4461 1131 4515 illis
1149 4460 1200 4531 qui
1220 4459 1249 4514 in
