2776 5040
463 485 513 534 DE
536 484 672 535 DIVINA
695 486 914 539 TRINITATE.

503 799 663 866 CAPUT
692 799 876 868 NONUM.

132 1025 246 1110 Quoo
265 1042 358 1093 uros
377 1043 435 1094 s1r
453 1045 543 1095 uun
562 1031 774 1098 Armeno
792 1048 840 1099 sn
859 1049 949 1099 nun
965 1036 1185 1101 Dssourno
1201 1050 1242 1100 ru

258 1122 447 1188 Eceuustu
479 1124 861 1205 Cun1ST1nun,Quns
894 1145 920 1193 n
952 1130 1110 1195 Doumo
1142 1142 1242 1194 arun

258 1216 291 1281 E
298 1237 536 1285 muosrrsras
564 1234 613 1284 uu
642 1235 742 1287 arun
773 1222 977 1289 Dnursrnu
1003 1238 1242 1288 annumeras

259 1323 367 1376 suur.

197 1507 224 1555 t.
257 1490 357 1574 Quod
380 1495 556 1571 Dominus,
574 1497 629 1561 ubi
651 1497 694 1561 de
717 1496 1019 1563 Consummatione
1042 1496 1186 1572 Saeculi,
1205 1509 1241 1563 et

342 1589 385 1653 de
401 1611 461 1653 suo
477 1590 651 1664 Adventu,
666 1592 730 1656 hoc
747 1602 810 1668 est,
824 1593 867 1656 de
882 1592 948 1657 fine
962 1593 1127 1656 ecclesiae
1143 1593 1241 1656 hodi·

342 1703 443 1747 ernae
462 1695 496 1748 et
516 1685 558 1748 de
577 1687 740 1768 principio
758 1685 923 1750 ecclesiae
942 1705 1061 1762 novae,
1078 1706 1154 1750 cum
1172 1688 1241 1750 dis-

342 1777 462 1859 cipulis
480 1777 637 1861 loquitur,
657 1779 864 1860 praedixerit
884 1779 980 1853 haec,

377 1912 392 1934 ⁴¹
401 1910 458 1960 Erit
470 1920 533 1960 tunc
546 1908 654 1960 afflictio
666 1927 772 1974 magna,
784 1912 870 2039 {uallo
882 1927 937 1961 non
949 1912 999 1962 iuit
1012 1913 1047 1962 ab
1061 1913 1137 1963 initio
1149 1914 1241 1964 mundi

457 1990 540 2040 usque
553 1991 631 2036 nunc,
644 1991 693 2026 nec
705 1977 755 2027 erit
763 1977 777 1997 '¹
802 1977 898 2028 Marta
910 1978 980 2028 xxiv.
993 1980 1051 2039 21);

343 2096 416 2152 tum
432 2091 522 2172 quod
537 2091 647 2154 futura
663 2091 707 2154 sit

378 2204 573 2255 “Abominatio
589 2206 763 2256 desolationis
780 2203 917 2271 praedicta
935 2222 952 2256 a
973 2207 1085 2257 Daniele
1105 2208 1241 2272 propheta

461 2270 576 2321 ...Nam
591 2280 652 2332 post
665 2269 837 2320 afflictionem
851 2272 954 2321 dierum
969 2273 1076 2322 illonrm
1091 2273 1133 2322 sol
1150 2275 1242 2322 obscu-

457 2337 565 2393 rabitur,
578 2345 605 2385 et
618 2336 682 2385 luna
695 2352 750 2385 non
765 2337 838 2385 dabit
852 2338 941 2385 lumen
956 2352 1042 2397 suurn,
1054 2348 1092 2387 et.
1103 2338 1242 2388 ..virtutes

457 2401 591 2450 caelorum
604 2401 865 2452 commovebuntur”
877 2401 984 2464 (Mutela.
996 2402 1066 2451 xxiv.
1081 2414 1119 2463 ις,
1132 2405 1180 2466 29).

195 2545 225 2594 2.
254 2527 355 2611 Quod
371 2529 451 2594 talis
469 2528 606 2595 afflietio
624 2541 660 2595 et
676 2532 844 2596 desolatio
863 2533 907 2596 sit
923 2533 956 2595 in
975 2530 1130 2604 ecclesia,
1147 2553 1241 2615 pror-

133 2646 189 2689 sus
219 2645 288 2688 non
311 2626 414 2689 scitur
435 2637 471 2689 et
494 2626 628 2689 videtur
649 2627 682 2689 in
710 2627 847 2700 mundo,
871 2628 1030 2708 quoniam
1061 2626 1168 2689 ubivis
1197 2627 1241 2689 ibi

133 2720 256 2783 dicitur
268 2720 357 2802 quod
374 2720 440 2783 sint
457 2720 490 2782 in
507 2720 579 2801 ipsa
595 2719 670 2783 luce
684 2719 883 2802 Evangelii;
902 2721 989 2784 adeo
1004 2730 1041 2784 ut
1057 2722 1085 2782 si
1100 2720 1242 2800 angelus

133 2812 348 2876 descenderit
360 2833 379 2876 e
392 2812 498 2887 caelo,
510 2823 544 2876 et
558 2813 648 2876 aliud
661 2813 810 2889 doceret,
822 2833 890 2876 non
903 2813 1106 2877 crederetur.
1141 2811 1242 2894 Quod

134 2905 184 2969 ita
198 2906 289 2969 dicat
306 2905 462 2970 Ecclesia
482 2906 850 2981 Romano-Catholica,
864 2908 912 2970 ita
928 2906 1084 2970 Ecclesia
1100 2905 1240 2979 Graeca,

134 3000 182 3063 ita
205 3001 410 3081 unaquaevis
432 2999 576 3063 ecclesia
598 3021 643 3063 ex
666 3001 772 3063 tribus
796 3000 1000 3064 Reformatis
1022 3020 1108 3083 quae
1131 3021 1151 3062 a
1173 3000 1242 3062 Lu·

136 3093 244 3166 thero,
265 3090 517 3168 Melandihone,
537 3103 573 3157 et
593 3092 745 3168 Calvino,
762 3094 996 3175 antesignanis
1018 3094 1241 3156 denominan-

135 3196 200 3264 tur,
218 3185 368 3250 similiter
389 3188 592 3270 unaquaevis
611 3187 795 3260 haeretica,
812 3207 897 3269 quae
917 3186 1108 3268 multiplex.

200 3297 228 3361 3.
257 3279 324 3345 Sed
343 3282 433 3364 quod
452 3279 624 3363 praedidta
643 3280 701 3343 illa
719 3278 867 3355 afflictio,
884 3289 919 3343 et
939 3279 996 3342 illa
1013 3279 1192 3354 desolatio,
1209 3280 1244 3361 in

135 3374 227 3439 clara
243 3374 317 3438 luce
335 3374 526 3456 apparuerit
544 3375 578 3437 in
597 3375 724 3437 mundo
739 3371 936 3456 spirituali*
947 3374 1107 3456 quoniam
1123 3392 1242 3437 omnes

135 3469 289 3533 homines
311 3469 345 3531 in
368 3468 461 3530 illurn
485 3468 647 3530 mundum
670 3477 749 3550 post
772 3477 918 3530 mortem
941 3468 1092 3541 veniunt,
1112 3475 1148 3530 et
1171 3486 1242 3529 ma·

136 3573 219 3627 nent
241 3565 274 3626 in
298 3562 460 3644 religione
482 3563 516 3625 in
539 3582 605 3644 qua
626 3562 759 3624 fuerunt
782 3562 815 3623 in
839 3561 965 3623 mundo
988 3560 1153 3638 naturali;
1185 3560 1243 3624 lux

136 3658 225 3722 enim
245 3658 289 3720 ibi
308 3666 360 3720 est
380 3656 562 3738 spiritualis
581 3676 667 3739 quae
686 3655 820 3736 detegit
839 3656 962 3718 omnia.

197 3769 228 3830 4.
260 3751 349 3814 Dum
368 3752 412 3814 ibi
431 3753 684 3832 interrogantur
699 3749 812 3812 clerici
831 3748 873 3811 de
894 3749 979 3823 Deo,
999 3748 1041 3811 de
1060 3747 1136 3823 tide,
1150 3757 1185 3811 et
1202 3749 1243 3811 de

136 3845 315 3918 charitate,
329 3865 414 3927 quae
433 3854 511 3907 sunt
531 3845 597 3907 tria
612 3843 808 3907 essentialia
825 3841 989 3906 ecclesiae
1009 3851 1043 3905 et
1060 3843 1137 3905 inde
1153 3841 1243 3904 salu·

137 3941 192 4013 tis,
208 3940 266 4001 vix
285 3937 383 4001 aliter
405 3938 612 4019 respondent
634 3956 734 4020 quam
755 3938 840 4000 sicut
864 3937 956 3999 caeci
979 3937 1013 3997 in
1037 3935 1150 3998 foveis.
1192 3934 1243 3998 De

137 4034 213 4098 Deo
231 4032 449 4115 respondent,
466 4032 555 4115 quod
574 4033 618 4095 sit
637 4051 732 4106 unus,
749 4040 785 4094 et
804 4031 894 4114 quod
913 4033 981 4094 sint
1001 4039 1071 4093 tres
1089 4030 1144 4111 qui
1161 4048 1242 4091 una·

138 4129 264 4191 nimes:
292 4136 326 4190 et
346 4146 423 4188 cum
442 4126 559 4189 dicunt
577 4125 667 4208 quod
690 4135 760 4189 tres
778 4126 846 4188 sint
866 4144 961 4199 unus,
981 4122 1161 4186 mandatur
1178 4121 1243 4185 illis

181 4343 197 4378 ⁴
215 4344 307 4404 [Nom
322 4351 340 4388 ι
355 4341 572 4402 usuum-122
581 4341 640 4388 mihi
649 4354 714 4390 nune
724 4347 822 4401 apparet
832 4341 857 4387 ln
866 4340 1056 4400 splendidissima
1066 4340 1128 4395 luce,
1138 4339 1163 4385 iu
1179 4338 1244 4384 Lon·

138 4410 195 4458 diuo
205 4410 290 4458 muudi
300 4410 418 4457 naturalis.
