2776 5040
133 852 403 921 [PRAENUNTIA
409 854 453 903 TA
464 853 521 903 DE
536 852 616 903 Hoc
628 852 817 904 OPUSCULO
831 851 1126 916 CONTENTISQUE
1143 853 1249 918 EJUS,

200 930 260 978 EX
273 930 400 979 OPERE
412 930 537 982 “VERA
555 929 782 979 CHRISTIANA
796 929 982 980 RELIG!O”
998 930 1177 980 NUNCUPA
1183 930 1209 979 Τ
1207 928 1250 996 0.]

183 1176 253 1232 Ἢ.
375 1172 442 1224 inde
452 1173 481 1223 iit
492 1173 564 1238 quod
573 1173 664 1223 unitas
680 1172 730 1223 Dei
740 1189 796 1223 non
809 1174 892 1225 modo
901 1170 1042 1224 aciualiter
1050 1173 1193 1234 dividatur,
1203 1175 1251 1224 sed

131 1251 215 1300 etiam
231 1249 291 1313 ipsa
307 1249 453 1312 theologia,
470 1259 497 1299 et
514 1264 620 1314 quoque
638 1264 715 1299 mens
733 1251 852 1300 humana
869 1250 897 1300 in
915 1258 968 1314 qua
985 1250 1033 1300 illa
1046 1251 1105 1310 erit,
1120 1250 1252 1301 similiter.

132 1326 205 1390 Quid
222 1325 286 1375 inde
303 1325 356 1375 nisi
374 1325 530 1388 perplexum
548 1334 576 1374 et
593 1340 649 1374 non
664 1325 812 1375 cohaerens
830 1325 858 1375 ln
876 1327 955 1376 rebus
971 1325 1107 1375 Ecclesiae
1121 1326 1253 1377 resultat?

133 1401 214 1465 Quod
228 1400 290 1450 talis
304 1400 339 1450 sit
353 1410 439 1450 status
454 1400 591 1450 Ecclesiae
606 1401 754 1450 hodiernae
769 1400 797 1449 in
810 1400 967 1465 Appendice
982 1410 1044 1465 post
1058 1402 1109 1450 hoc
1124 1415 1193 1465 opus
1207 1402 1253 1450 de·

132 1474 351 1525 monstrabitur.”

183 1592 269 1649 “1⁷⁷0
296 1627 335 1641 ...
345 1627 352 1642 .
390 1590 417 1640 Sl
427 1590 486 1655 quis
496 1592 546 1641 sub
556 1605 669 1640 examen
680 1590 763 1640 mittit
771 1590 880 1653 singula
887 1587 1054 1650 docirinalia,
1064 1591 1134 1640 sicut
1144 1590 1170 1640 id
1180 1591 1251 1654 quod

133 1667 166 1715 de
177 1665 245 1726 Deo,
254 1666 287 1714 de
298 1665 419 1715 Persona
429 1664 538 1724 Christi,
548 1665 582 1716 de
592 1663 739 1724 Charitate,
749 1666 783 1715 de
794 1665 972 1725 Paenitentia,
982 1666 1016 1715 de
1027 1666 1251 1728 Regeneratione,

132 1744 165 1792 de
179 1742 277 1791 Libero
287 1742 416 1801 Arbitrio,
425 1742 459 1791 de
470 1739 617 1800 Elecilone,
626 1742 660 1791 de
672 1741 731 1791 Usu
743 1751 973 1791 sacramentorum
987 1741 1119 1803 Baptismi
1131 1751 1159 1791 et
1171 1741 1253 1790 Sanc·

133 1830 176 1868 tae
184 1816 286 1876 Cenae,
298 1816 442 1866 manifeste
450 1817 554 1866 videbit
562 1817 634 1881 quod
645 1817 765 1866 Trinitas
775 1817 894 1866 Deorum
905 1816 1020 1878 singuiis
1029 1816 1095 1865 insit
1105 1830 1111 1875 ;
1126 1816 1185 1865 etsi
1196 1829 1252 1866 non

133 1892 276 1944 aciualiter
289 1901 401 1955 apparet
414 1891 513 1951 inesse,
530 1906 615 1956 usque
629 1907 663 1941 ex
677 1892 725 1942 illa
741 1892 812 1942 sicut
826 1907 859 1941 ex
874 1907 924 1941 suo
938 1891 1015 1941 ionte
1029 1892 1165 1941 scaturiat
1199 1891 1252 1940 Sed

133 1970 197 2034 quia
208 1968 263 2017 tale
274 1982 389 2016 examen
401 1967 445 2017 hic
457 1982 512 2017 non
525 1967 581 2017 fieri
595 1976 692 2030 potest,
706 1977 734 2018 et
745 1977 837 2017 tamen
847 1981 946 2030 operae
960 1967 1076 2030 pretium
1089 1976 1130 2016 est
1142 1965 1177 2016 ad
1189 1980 1252 2029 ape-

134 2045 258 2094 riendum
268 2043 362 2092 oculos
371 2051 400 2092 ut
412 2041 466 2103 hat,
478 2042 540 2092 ideo
549 2043 609 2093 huic
622 2043 697 2106 operi
709 2041 872 2106 adjungetur
881 2042 1027 2106 Appendix
1038 2042 1066 2090 in
1079 2056 1132 2106 qua
1143 2041 1194 2091 hoc
1206 2042 1253 2091 de·

134 2116 354 2170 monstrabitur.”

184 2298 274 2354 '‘343.
396 2296 448 2346 Sed
465 2306 610 2361 antequam
628 2296 683 2358 iila,
697 2312 766 2363 quae
783 2297 914 2348 hodierna
932 2295 1053 2347 Ecclesia
1069 2296 1104 2347 de
1121 2310 1172 2346 sua
1188 2295 1252 2345 Fide

134 2372 224 2431 tradit,
236 2380 419 2431 assumuntur,
431 2372 588 2432 lustrantur,
601 2382 629 2422 et
640 2374 835 2436 expenduntur,
848 2373 920 2437 quod
935 2372 980 2422 fiet
995 2374 1022 2422 in
1035 2370 1201 2436 Appendice,
1214 2370 1253 2419 ai·

134 2447 255 2497 ierentur
267 2448 422 2497 communia
433 2463 502 2512 quae
515 2447 595 2498 Nova
607 2447 726 2498 Ecclesia
737 2449 771 2498 de
783 2462 834 2499 sua
846 2447 911 2499 Eide
923 2447 1030 2499 docet.”

184 2562 277 2619 “4850
398 2560 526 2625 Sequelae
541 2576 574 2610 ex
588 2560 795 2612 confirmatione
807 2562 879 2626 quod
894 2561 969 2611 nulla
983 2562 1018 2612 sit
1029 2560 1173 2623 imputatio
1187 2560 1252 2609 boni

135 2646 162 2686 et
174 2636 239 2685 mali
250 2637 353 2700 absque
366 2635 463 2685 Libero
475 2636 595 2685 Arbitrio
608 2637 636 2685 in
648 2635 842 2701 spiritualibus,
856 2646 920 2686 sunt
934 2636 1039 2699 piures;
1056 2645 1084 2684 et
1097 2635 1160 2685 illae
1174 2648 1253 2684 enor-

135 2725 203 2770 mes,
217 2711 245 2760 in
259 2711 355 2760 ultima
369 2720 444 2773 parte
456 2711 537 2774 hujus
549 2712 648 2773 operis,
662 2712 707 2762 ubi
721 2712 755 2761 de
768 2711 934 2769 haeresibus,
949 2709 1094 2773 paradoxis
1106 2719 1133 2759 et
1147 2717 1253 2759 contra·

135 2784 306 2845 diiiionibus,
321 2788 546 2851 promanantibus
561 2802 594 2836 ex
608 2787 741 2837 hodierna
752 2787 804 2836 tide
818 2787 979 2849 imputativa
992 2785 1080 2835 m'eriti
1094 2794 1121 2834 et
1134 2784 1252 2848 justitiae

136 2861 247 2911 Domini
261 2862 310 2911 Dei
323 2862 481 2922 salvatoris,
496 2862 630 2925 agendum
643 2872 693 2922 est,
708 2863 871 2926 aperiendae
884 2860 974 2911 sunt.”

185 2976 200 2999 ‘¹
207 2979 277 3033 ⁶¹¹1·
400 2975 432 3025 ln
447 2976 604 3040 Appendice
619 2979 816 3027 ostendendum
834 2977 965 3041 estquod
983 2976 1063 3025 Fides
1081 2975 1127 3025 illa
1144 2990 1200 3025 non
1218 2975 1254 3025 sit

136 3049 299 3111 Christiana,
315 3052 378 3115 quia
390 3052 503 3102 dissidet
516 3067 533 3102 a
546 3052 646 3110 Verbo,
662 3061 690 3102 et
704 3053 775 3117 quod
789 3052 931 3116 imputatio
945 3052 1016 3101 illius
1032 3050 1106 3100 Eidei
1123 3051 1158 3100 sit
1173 3065 1251 3108 vana,

135 3127 199 3191 quia
210 3127 336 3176 meritum
350 3126 451 3177 Christi
464 3142 520 3177 non
532 3138 574 3178 est
585 3127 768 3193 imputabile.”

185 3240 278 3297 ‘'758.
398 3241 478 3304 Quod
492 3241 554 3291 talis
566 3241 743 3292 Abominatio
757 3241 941 3291 Desolationis
952 3240 1032 3291 hodie
1045 3241 1081 3291 sit
1092 3240 1120 3290 in
1134 3239 1254 3290 Ecclesia

136 3314 299 3375 Christiana,
307 3316 394 3365 adhuc
407 3317 508 3379 patebit
520 3330 553 3366 ex
565 3318 729 3380 Appendice,
739 3317 767 3366 in
780 3331 833 3381 qua
843 3317 977 3366 videbitur
989 3317 1061 3381 quod
1073 3331 1130 3365 non
1142 3316 1251 3366 unicum

135 3391 284 3454 genuinum
294 3406 387 3440 verum
400 3392 427 3441 in
438 3391 559 3441 Ecclesia
568 3392 703 3441 residuum
713 3393 755 3452 sit,
768 3401 796 3442 et
807 3406 914 3457 quoque
923 3392 995 3457 quod
1007 3392 1060 3442 nisi
1073 3390 1153 3441 Nova
1163 3390 1254 3441 Eccle-

135 3467 177 3517 sia
189 3466 251 3516 loco
262 3467 410 3516 hodiernae
422 3466 608 3526 exsuscitetur,

539 3601 618 3644 ‘Nulla
626 3614 677 3644 caro
685 3600 765 3645 salvari
773 3600 855 3655 possit:

135 3718 285 3771 secundum
298 3720 380 3770 verba
394 3719 506 3770 Domini
520 3720 590 3785 apud
602 3720 767 3770 Matthaeus:
780 3718 848 3785 (cap.
860 3719 931 3771 xxiv.
941 3717 1007 3784 affl
