2858 5046
340 489 390 542 nr
412 489 496 558 1³va
518 489 716 543 nocrmva
739 490 1012 543 cantuset-u.
1029 489 1102 559 ²5²·
1215 491 1271 558 ¹41
1296 563 1301 572 q

669 977 765 1066 [xm]

215 1205 290 1282 DE
324 1206 627 1282 SCRIPTURA
663 1208 840 1284 SACRA
875 1207 997 1284 SIVE
1030 1207 1220 1283 VERBO.

159 1540 419 1871 HOMO
448 1599 576 1682 absque
605 1598 814 1664 revelatione
844 1620 889 1664 ex
920 1599 1055 1674 Divino,
1087 1618 1156 1662 non
1187 1598 1275 1664 scire

341 1692 468 1775 aliquid
498 1703 615 1776 potest
644 1695 782 1757 devita
811 1704 963 1768 aeterna,
983 1712 1026 1757 ne
1052 1693 1188 1775 quidem
1211 1692 1273 1756 ali·

341 1787 421 1870 quid
440 1788 482 1851 de
499 1788 584 1862 Deo,
599 1798 634 1852 et
653 1787 763 1851 adhuc
781 1789 890 1850 minus
908 1789 951 1851 de
967 1807 1082 1850 amore
1100 1797 1136 1851 et
1156 1786 1221 1850 fide
1239 1788 1273 1850 in

342 1881 476 1965 Ipsum:
508 1901 586 1945 nam
610 1882 713 1946 homo
736 1883 887 1945 nascitur
905 1883 938 1945 in
962 1900 1089 1945 meram
1112 1882 1274 1962 ignoran-

156 1977 251 2050 tiam,
265 1985 300 2039 et
316 1976 395 2039 dein
407 1996 452 2038 ex
468 1976 647 2039 mundanis
660 1976 769 2040 discet
782 1977 906 2050 omnia,
921 1996 966 2040 ex
982 1976 1102 2058 quibus
1114 1975 1274 2039 formabit

156 2066 368 2133 intellectum
387 2089 507 2147 suum;
535 2071 685 2134 nascitur
703 2071 807 2134 etiam
826 2091 872 2133 ex
890 2070 1096 2134 hereditario
1114 2071 1147 2133 in
1171 2087 1274 2133 omne

156 2163 294 2239 malum,
317 2164 409 2247 quod
431 2174 485 2228 est
512 2185 557 2228 ex
583 2183 700 2228 amore
723 2165 773 2227 sui
798 2176 834 2228 et
863 2165 998 2243 mundi;
1025 2163 1172 2246 jucunda
1194 2163 1274 2228 inde

155 2267 302 2340 regnant
317 2257 454 2339 jugiter,
475 2267 511 2323 et
534 2269 722 2340 suggerunt
746 2258 829 2322 talia
851 2278 938 2341 quae
961 2280 979 2323 e
1001 2259 1170 2322 diametro
1193 2266 1274 2323 sunt

156 2363 277 2416 contra
295 2351 466 2415 Divinum.
512 2351 597 2415 Inde
617 2372 704 2416 nunc
724 2363 778 2417 est
797 2353 888 2436 quod
910 2353 1016 2416 homo
1035 2352 1118 2416 nihil
1140 2351 1184 2416 de
1202 2352 1275 2416 vita

155 2456 296 2510 aeterna
311 2446 415 2509 sciat:
439 2447 517 2509 ideo
533 2448 724 2511 necessario
740 2449 803 2511 erit
820 2447 995 2521 revelatio,
1012 2468 1058 2511 ex
1073 2466 1139 2530 qua
1155 2447 1252 2510 sciat.

214 2557 313 2626 25⁰.
342 2541 445 2623 Quod
464 2541 555 2605 mala
573 2543 699 2607 amoris
715 2543 766 2605 sui
788 2552 824 2606 et
847 2543 964 2606 mundi
982 2543 1147 2605 inducant
1164 2542 1273 2606 talem

155 2634 384 2716 ignorantiam
403 2633 445 2698 de
464 2628 531 2698 illis
548 2654 635 2717 quae
654 2645 733 2699 sunt
752 2637 843 2699 vitae
862 2643 1033 2709 aeternae,
1051 2643 1148 2716 patet
1165 2636 1273 2698 mani-

155 2728 242 2794 ieste
264 2728 309 2792 ab
327 2727 393 2791 illis
410 2728 500 2792 intra
519 2728 721 2808 ecclesiam;
749 2731 805 2812 qui
825 2730 963 2794 tametsi
982 2730 1093 2793 sciunt
1112 2749 1157 2792 ex
1176 2749 1274 2792 reve·

156 2821 284 2887 latione
299 2822 390 2904 quod
409 2822 502 2886 Deus
520 2824 575 2898 sit,
593 2824 684 2907 quod
700 2823 832 2887 caelum
848 2833 884 2888 et
903 2823 1067 2886 infernum
1084 2822 1163 2895 sint,
1181 2822 1273 2904 quod

155 2917 226 2980 vita
238 2926 378 2981 aeterna
390 2917 446 2991 sit,
460 2926 496 2982 et
511 2918 602 3001 quod
618 2917 676 2981 illa
688 2919 760 2982 vita
772 2918 1002 3000 comparanda
1014 2918 1058 2980 sit
1071 2937 1131 2999 per
1143 2916 1271 2979 bonum

155 3010 278 3072 amoris
305 3019 341 3073 et
370 3008 459 3085 fidei,
483 3031 588 3093 usque
619 3011 778 3075 labuntur
807 3012 840 3074 in
871 3012 1091 3092 negationem
1121 3011 1164 3075 de
1194 3010 1272 3086 illis,

156 3112 227 3167 tam
245 3103 368 3167 eruditi
386 3124 487 3185 quam
511 3126 579 3169 non
599 3107 731 3170 eruditi.
777 3106 861 3170 Inde
880 3108 1002 3170 iterum
1025 3114 1123 3188 patet
1141 3114 1272 3188 quanta

155 3197 348 3282 ignorantia
367 3196 452 3262 foret
473 3200 501 3262 si
520 3199 613 3263 nulla
631 3211 723 3264 esset
742 3201 917 3264 revelatio.

213 3308 305 3377 251.
333 3294 419 3358 Cum
437 3295 554 3376 itaque
572 3295 677 3359 homo
695 3304 774 3377 post
793 3306 941 3359 mortem
956 3295 1053 3369 vivit,
1069 3304 1106 3359 et
1129 3304 1211 3359 tunc
1234 3295 1269 3359 in

155 3395 340 3462 aeternum,
361 3397 397 3452 et
419 3386 514 3451 illum
534 3398 649 3452 manet
672 3389 744 3451 vita
766 3388 953 3452 secundum
972 3387 1042 3469 ejus
1061 3406 1212 3452 amorem
1236 3397 1272 3452 et

154 3478 267 3554 fidem,
284 3483 435 3564 sequitur
450 3482 541 3564 quod
559 3481 718 3545 Divinum
735 3502 780 3546 ex
796 3500 912 3545 amore
927 3501 1009 3563 erga
1025 3500 1133 3563 genus
1149 3482 1270 3544 huma·

154 3593 234 3637 num
250 3575 451 3640 revelaverit
471 3575 555 3640 talia
573 3596 658 3657 quae
677 3575 803 3641 ducent
822 3577 865 3639 ad
884 3575 978 3639 illam
996 3578 1113 3652 vitam,
1131 3586 1166 3640 et
1185 3595 1269 3640 con·

154 3669 280 3733 ducent
299 3670 402 3735 saluti
420 3670 501 3752 ejus.
546 3670 648 3752 Quod
668 3670 826 3734 Divinum
843 3669 1008 3735 revelavit
1028 3680 1081 3735 est
1100 3672 1190 3754 apud
1209 3692 1272 3737 nos

153 3761 315 3828 Verbum.
416 3823 419 3830 ,
1103 3777 1106 3784 ·

213 3874 307 3943 252.
328 3859 495 3935 Verbum,
508 3860 587 3941 quia
603 3870 656 3923 est
673 3860 841 3924 revelatio
856 3881 876 3923 a
891 3860 1029 3936 Divino,
1042 3870 1096 3925 est
1110 3860 1272 3925 Divinum

152 3952 185 4016 in
201 3952 358 4016 omnibus
374 3961 409 4016 et
426 3951 589 4033 singulis;
613 3970 692 4014 nam
704 3951 796 4034 quod
812 3972 832 4014 a
849 3952 975 4016 Divino
990 3963 1055 4028 est,
1070 3972 1138 4016 non
1154 3963 1272 4035 potest

152 4047 252 4111 aliter
274 4067 359 4111 esse.
404 4045 506 4127 Quod
528 4066 549 4109 a
576 4045 700 4109 Divino
722 4055 787 4120 est,
812 4045 846 4108 id
874 4046 1050 4110 descendit
1074 4067 1134 4129 per
1155 4046 1271 4111 caelos

152 4161 256 4222 usque
279 4142 323 4204 ad
346 4140 540 4218 hominem;
568 4150 775 4222 quapropter
794 4141 827 4204 in
847 4139 950 4205 caelis
969 4141 1268 4205 accommodatum

152 4245 206 4298 est
224 4234 413 4316 sapientiae
431 4232 630 4315 angelorum
649 4235 705 4314 qui
728 4234 784 4310 ibi,
803 4244 839 4298 et
859 4235 892 4297 in
912 4236 1010 4298 terris
1027 4237 1269 4299 accommoda·

152 4337 225 4392 tum
242 4338 296 4391 est
312 4328 427 4411 captui
443 4328 618 4391 hominum
630 4329 686 4410 qui
702 4328 766 4391 ibi:
786 4348 890 4409 quare
905 4328 939 4391 in
952 4327 1069 4392 Verbo
1081 4338 1135 4392 est
1151 4347 1269 4393 sensus

151 4422 315 4499 internus,
326 4423 382 4504 qui
393 4420 588 4504 spiritualis,
600 4441 661 4504 pro
673 4421 826 4504 angelis3
845 4433 882 4487 et
894 4441 1014 4486 sensus
1025 4433 1201 4498 externus,
1211 4424 1268 4506 qui
