<?xml version="1.0" encoding="UTF-8"?>
<!DOCTYPE html PUBLIC "-//W3C//DTD XHTML 1.0 Transitional//EN"
    "http://www.w3.org/TR/xhtml1/DTD/xhtml1-transitional.dtd">
<html xmlns="http://www.w3.org/1999/xhtml" xml:lang="en" lang="en">
 <head>
  <title>
</title>
<meta http-equiv="Content-Type" content="text/html;charset=utf-8" />
  <meta name='ocr-system' content='tesseract 3.04.00' />
  <meta name='ocr-capabilities' content='ocr_page ocr_carea ocr_par ocr_line ocrx_word'/>
</head>
<body>
  <div class='ocr_page' id='page_1' title='image "./denovahiersosol00swedgoog_0073.png"; bbox 0 0 2776 5040; ppageno 0'>
   <div class='ocr_carea' id='block_1_1' title="bbox 511 495 989 552">
    <p class='ocr_par' dir='ltr' id='par_1_1' title="bbox 511 495 989 552">
     <span class='ocr_line' id='line_1_1' title="bbox 511 495 989 552; baseline 0.006 -3"><span class='ocrx_word' id='word_1_1' title='bbox 511 497 562 549; x_wconf 82' lang='lat' dir='ltr'>DE</span> <span class='ocrx_word' id='word_1_2' title='bbox 584 495 691 550; x_wconf 75' lang='lat' dir='ltr'>Nova</span> <span class='ocrx_word' id='word_1_3' title='bbox 713 496 989 552; x_wconf 70' lang='lat' dir='ltr'>nrssxosowua</span> 
     </span>
    </p>
   </div>
   <div class='ocr_carea' id='block_1_2' title="bbox 708 958 787 1046">
    <p class='ocr_par' dir='ltr' id='par_1_2' title="bbox 708 958 787 1046">
     <span class='ocr_line' id='line_1_2' title="bbox 708 958 787 1046; baseline 0 0"><span class='ocrx_word' id='word_1_4' title='bbox 708 958 787 1046; x_wconf 60' lang='lat' dir='ltr'><strong>[Vh]</strong></span> 
     </span>
    </p>
   </div>
   <div class='ocr_carea' id='block_1_3' title="bbox 262 1178 1231 1392">
    <p class='ocr_par' dir='ltr' id='par_1_3' title="bbox 262 1178 1231 1392">
     <span class='ocr_line' id='line_1_3' title="bbox 262 1178 1231 1268; baseline 0.005 -15"><span class='ocrx_word' id='word_1_5' title='bbox 262 1178 338 1254; x_wconf 90' lang='lat' dir='ltr'>DE</span> <span class='ocrx_word' id='word_1_6' title='bbox 371 1178 567 1255; x_wconf 88' lang='lat' dir='ltr'>AMORE</span> <span class='ocrx_word' id='word_1_7' title='bbox 602 1179 749 1255; x_wconf 86' lang='lat' dir='ltr'><strong>ERGA</strong></span> <span class='ocrx_word' id='word_1_8' title='bbox 784 1179 1093 1268; x_wconf 89' lang='lat' dir='ltr'>PROXIMUM‚</span> <span class='ocrx_word' id='word_1_9' title='bbox 1130 1182 1231 1258; x_wconf 89' lang='lat' dir='ltr'>SEU</span> 
     </span>
     <span class='ocr_line' id='line_1_4' title="bbox 536 1314 967 1392; baseline 0.007 -3"><span class='ocrx_word' id='word_1_10' title='bbox 536 1314 611 1390; x_wconf 90' lang='lat' dir='ltr'>DE</span> <span class='ocrx_word' id='word_1_11' title='bbox 644 1314 967 1392; x_wconf 76' lang='lat' dir='ltr'><strong>CHARITATF.</strong></span> 
     </span>
    </p>
   </div>
   <div class='ocr_carea' id='block_1_4' title="bbox 151 1790 1388 4430">
    <p class='ocr_par' dir='ltr' id='par_1_4' title="bbox 330 1790 1340 1875">
     <span class='ocr_line' id='line_1_5' title="bbox 330 1790 1340 1875; baseline -0.001 -20"><span class='ocrx_word' id='word_1_12' title='bbox 330 1793 506 1866; x_wconf 90' lang='lat' dir='ltr'>amandus,</span> <span class='ocrx_word' id='word_1_13' title='bbox 531 1802 567 1856; x_wconf 95' lang='lat' dir='ltr'>et</span> <span class='ocrx_word' id='word_1_14' title='bbox 597 1812 679 1874; x_wconf 82' lang='lat' dir='ltr'>erga</span> <span class='ocrx_word' id='word_1_15' title='bbox 709 1809 809 1875; x_wconf 91' lang='lat' dir='ltr'>quem</span> <span class='ocrx_word' id='word_1_16' title='bbox 840 1790 990 1856; x_wconf 87' lang='lat' dir='ltr'><strong>charitas</strong></span> <span class='ocrx_word' id='word_1_17' title='bbox 1012 1791 1208 1856; x_wconf 87' lang='lat' dir='ltr'>exercenda</span> <span class='ocrx_word' id='word_1_18' title='bbox 1233 1802 1340 1856; x_wconf 71' lang='lat' dir='ltr'>est:</span> 
     </span>
    </p>

    <p class='ocr_par' dir='ltr' id='par_1_5' title="bbox 332 1885 1330 1971">
     <span class='ocr_line' id='line_1_6' title="bbox 332 1885 1330 1971; baseline 0.001 -21"><span class='ocrx_word' id='word_1_19' title='bbox 332 1888 394 1950; x_wconf 91' lang='lat' dir='ltr'>nisi</span> <span class='ocrx_word' id='word_1_20' title='bbox 424 1885 514 1949; x_wconf 93' lang='lat' dir='ltr'>enim</span> <span class='ocrx_word' id='word_1_21' title='bbox 544 1887 650 1950; x_wconf 91' lang='lat' dir='ltr'>scitur</span> <span class='ocrx_word' id='word_1_22' title='bbox 682 1887 762 1969; x_wconf 89' lang='lat' dir='ltr'>quid</span> <span class='ocrx_word' id='word_1_23' title='bbox 792 1887 979 1970; x_wconf 89' lang='lat' dir='ltr'>proximus,</span> <span class='ocrx_word' id='word_1_24' title='bbox 1010 1885 1161 1951; x_wconf 83' lang='lat' dir='ltr'>charitas</span> <span class='ocrx_word' id='word_1_25' title='bbox 1191 1897 1330 1971; x_wconf 83' lang='lat' dir='ltr'>potes-</span> 
     </span>
    </p>

    <p class='ocr_par' dir='ltr' id='par_1_6' title="bbox 188 1979 1388 2331">
     <span class='ocr_line' id='line_1_7' title="bbox 332 1979 1388 2067; baseline 0 -21"><span class='ocrx_word' id='word_1_26' title='bbox 332 1982 485 2046; x_wconf 90' lang='lat' dir='ltr'>exerceri</span> <span class='ocrx_word' id='word_1_27' title='bbox 517 1980 618 2045; x_wconf 88' lang='lat' dir='ltr'>simili</span> <span class='ocrx_word' id='word_1_28' title='bbox 648 1981 753 2045; x_wconf 91' lang='lat' dir='ltr'>modo</span> <span class='ocrx_word' id='word_1_29' title='bbox 782 1983 910 2065; x_wconf 89' lang='lat' dir='ltr'>absque</span> <span class='ocrx_word' id='word_1_30' title='bbox 940 1979 1170 2058; x_wconf 73' lang='lat' dir='ltr'>distinetione,</span> <span class='ocrx_word' id='word_1_31' title='bbox 1201 1998 1388 2067; x_wconf 54' lang='lat' dir='ltr'>aequ-f</span> 
     </span>
     <span class='ocr_line' id='line_1_8' title="bbox 188 2075 1386 2163; baseline 0 -21"><span class='ocrx_word' id='word_1_32' title='bbox 188 2098 271 2161; x_wconf 81' lang='lat' dir='ltr'>erga</span> <span class='ocrx_word' id='word_1_33' title='bbox 290 2077 399 2141; x_wconf 90' lang='lat' dir='ltr'>malos</span> <span class='ocrx_word' id='word_1_34' title='bbox 417 2096 519 2160; x_wconf 91' lang='lat' dir='ltr'>quam</span> <span class='ocrx_word' id='word_1_35' title='bbox 538 2096 620 2158; x_wconf 85' lang='lat' dir='ltr'>erga</span> <span class='ocrx_word' id='word_1_36' title='bbox 638 2075 759 2151; x_wconf 93' lang='lat' dir='ltr'>bonos,</span> <span class='ocrx_word' id='word_1_37' title='bbox 776 2077 866 2141; x_wconf 92' lang='lat' dir='ltr'>unde</span> <span class='ocrx_word' id='word_1_38' title='bbox 883 2075 1033 2141; x_wconf 84' lang='lat' dir='ltr'>charitas</span> <span class='ocrx_word' id='word_1_39' title='bbox 1052 2096 1121 2140; x_wconf 92' lang='lat' dir='ltr'>non</span> <span class='ocrx_word' id='word_1_40' title='bbox 1140 2075 1179 2141; x_wconf 84' lang='lat' dir='ltr'>fit</span> <span class='ocrx_word' id='word_1_41' title='bbox 1198 2077 1291 2142; x_wconf 90' lang='lat' dir='ltr'>chari</span> <span class='ocrx_word' id='word_1_42' title='bbox 1368 2150 1386 2163; x_wconf 64' lang='lat'>„</span> 
     </span>
     <span class='ocr_line' id='line_1_9' title="bbox 188 2168 1386 2254; baseline 0 -18"><span class='ocrx_word' id='word_1_43' title='bbox 188 2180 265 2250; x_wconf 89' lang='lat' dir='ltr'>tas;</span> <span class='ocrx_word' id='word_1_44' title='bbox 296 2172 377 2235; x_wconf 89' lang='lat' dir='ltr'>mali</span> <span class='ocrx_word' id='word_1_45' title='bbox 399 2173 489 2235; x_wconf 91' lang='lat' dir='ltr'>enim</span> <span class='ocrx_word' id='word_1_46' title='bbox 520 2191 565 2234; x_wconf 90' lang='lat' dir='ltr'>ex</span> <span class='ocrx_word' id='word_1_47' title='bbox 595 2168 782 2235; x_wconf 73' lang='lat' dir='ltr'>benefactis</span> <span class='ocrx_word' id='word_1_48' title='bbox 804 2170 1023 2235; x_wconf 86' lang='lat' dir='ltr'>malefaciunt</span> <span class='ocrx_word' id='word_1_49' title='bbox 1052 2171 1223 2254; x_wconf 89' lang='lat' dir='ltr'>proximo,</span> <span class='ocrx_word' id='word_1_50' title='bbox 1248 2172 1307 2236; x_wconf 87' lang='lat' dir='ltr'>sed</span> <span class='ocrx_word' id='word_1_51' title='bbox 1358 2201 1386 2215; x_wconf 50' lang='grc' dir='ltr'><em>ο</em></span> 
     </span>
     <span class='ocr_line' id='line_1_10' title="bbox 188 2267 514 2331; baseline -0.006 -1"><span class='ocrx_word' id='word_1_52' title='bbox 188 2268 268 2330; x_wconf 94' lang='lat' dir='ltr'>boni</span> <span class='ocrx_word' id='word_1_53' title='bbox 287 2267 514 2331; x_wconf 81' lang='lat' dir='ltr'>benefaciunt.</span> 
     </span>
    </p>

    <p class='ocr_par' dir='ltr' id='par_1_7' title="bbox 186 2356 1309 3009">
     <span class='ocr_line' id='line_1_11' title="bbox 248 2356 1308 2442; baseline -0.002 -17"><span class='ocrx_word' id='word_1_54' title='bbox 248 2359 319 2442; x_wconf 74' lang='lat'>85·</span> <span class='ocrx_word' id='word_1_55' title='bbox 347 2357 548 2422; x_wconf 86' lang='lat' dir='ltr'>Communis</span> <span class='ocrx_word' id='word_1_56' title='bbox 566 2358 682 2439; x_wconf 92' lang='lat' dir='ltr'>opinio</span> <span class='ocrx_word' id='word_1_57' title='bbox 700 2356 803 2422; x_wconf 90' lang='lat' dir='ltr'>hodie</span> <span class='ocrx_word' id='word_1_58' title='bbox 823 2365 877 2421; x_wconf 88' lang='lat' dir='ltr'>est</span> <span class='ocrx_word' id='word_1_59' title='bbox 898 2357 991 2440; x_wconf 91' lang='lat' dir='ltr'>quod</span> <span class='ocrx_word' id='word_1_60' title='bbox 1009 2358 1122 2420; x_wconf 93' lang='lat' dir='ltr'>omnis</span> <span class='ocrx_word' id='word_1_61' title='bbox 1139 2358 1248 2422; x_wconf 91' lang='lat' dir='ltr'>homo</span> <span class='ocrx_word' id='word_1_62' title='bbox 1265 2359 1308 2423; x_wconf 85' lang='lat' dir='ltr'>sit</span> 
     </span>
     <span class='ocr_line' id='line_1_12' title="bbox 187 2454 1308 2539; baseline -0.002 -18"><span class='ocrx_word' id='word_1_63' title='bbox 187 2477 296 2539; x_wconf 89' lang='lat' dir='ltr'>aeque</span> <span class='ocrx_word' id='word_1_64' title='bbox 312 2456 499 2539; x_wconf 90' lang='lat' dir='ltr'>proximus,</span> <span class='ocrx_word' id='word_1_65' title='bbox 517 2464 552 2518; x_wconf 91' lang='lat' dir='ltr'>et</span> <span class='ocrx_word' id='word_1_66' title='bbox 571 2455 663 2537; x_wconf 93' lang='lat' dir='ltr'>quod</span> <span class='ocrx_word' id='word_1_67' title='bbox 681 2454 962 2519; x_wconf 85' lang='lat' dir='ltr'>benefaciendum</span> <span class='ocrx_word' id='word_1_68' title='bbox 977 2455 1021 2518; x_wconf 92' lang='lat' dir='ltr'>sit</span> <span class='ocrx_word' id='word_1_69' title='bbox 1041 2456 1147 2518; x_wconf 89' lang='lat' dir='ltr'>cuivis</span> <span class='ocrx_word' id='word_1_70' title='bbox 1162 2457 1219 2539; x_wconf 92' lang='lat' dir='ltr'>qui</span> <span class='ocrx_word' id='word_1_71' title='bbox 1234 2457 1308 2538; x_wconf 92' lang='lat' dir='ltr'>opis</span> 
     </span>
     <span class='ocr_line' id='line_1_13' title="bbox 187 2548 1309 2632; baseline -0.001 -19"><span class='ocrx_word' id='word_1_72' title='bbox 187 2550 341 2632; x_wconf 82' lang='lat' dir='ltr'>indiget;</span> <span class='ocrx_word' id='word_1_73' title='bbox 361 2549 421 2613; x_wconf 93' lang='lat' dir='ltr'>sed</span> <span class='ocrx_word' id='word_1_74' title='bbox 438 2549 639 2630; x_wconf 86' lang='lat' dir='ltr'>prudentiae</span> <span class='ocrx_word' id='word_1_75' title='bbox 655 2548 870 2613; x_wconf 86' lang='lat' dir='ltr'>Christianae</span> <span class='ocrx_word' id='word_1_76' title='bbox 889 2549 1044 2623; x_wconf 91' lang='lat' dir='ltr'>interest,</span> <span class='ocrx_word' id='word_1_77' title='bbox 1061 2548 1149 2612; x_wconf 88' lang='lat' dir='ltr'>bene</span> <span class='ocrx_word' id='word_1_78' title='bbox 1165 2550 1309 2614; x_wconf 90' lang='lat' dir='ltr'>scrutari</span> 
     </span>
     <span class='ocr_line' id='line_1_14' title="bbox 188 2643 1307 2728; baseline -0.001 -20"><span class='ocrx_word' id='word_1_79' title='bbox 188 2644 297 2728; x_wconf 89' lang='lat' dir='ltr'>qualis</span> <span class='ocrx_word' id='word_1_80' title='bbox 325 2643 472 2708; x_wconf 89' lang='lat' dir='ltr'>hominis</span> <span class='ocrx_word' id='word_1_81' title='bbox 502 2645 574 2706; x_wconf 91' lang='lat' dir='ltr'>vita</span> <span class='ocrx_word' id='word_1_82' title='bbox 603 2652 669 2717; x_wconf 90' lang='lat' dir='ltr'>est,</span> <span class='ocrx_word' id='word_1_83' title='bbox 695 2653 730 2707; x_wconf 93' lang='lat' dir='ltr'>et</span> <span class='ocrx_word' id='word_1_84' title='bbox 761 2643 967 2708; x_wconf 90' lang='lat' dir='ltr'>charitatem</span> <span class='ocrx_word' id='word_1_85' title='bbox 997 2643 1184 2706; x_wconf 88' lang='lat' dir='ltr'>secundum</span> <span class='ocrx_word' id='word_1_86' title='bbox 1215 2643 1307 2707; x_wconf 88' lang='lat' dir='ltr'>illam</span> 
     </span>
     <span class='ocr_line' id='line_1_15' title="bbox 188 2736 1307 2812; baseline 0 -11"><span class='ocrx_word' id='word_1_87' title='bbox 188 2759 359 2803; x_wconf 89' lang='lat' dir='ltr'>exercere.</span> <span class='ocrx_word' id='word_1_88' title='bbox 398 2738 560 2801; x_wconf 91' lang='lat' dir='ltr'>Internae</span> <span class='ocrx_word' id='word_1_89' title='bbox 573 2737 739 2802; x_wconf 90' lang='lat' dir='ltr'>ecclesiae</span> <span class='ocrx_word' id='word_1_90' title='bbox 751 2736 943 2801; x_wconf 89' lang='lat' dir='ltr'>homocum</span> <span class='ocrx_word' id='word_1_91' title='bbox 955 2738 1157 2812; x_wconf 86' lang='lat' dir='ltr'>discrimine,</span> <span class='ocrx_word' id='word_1_92' title='bbox 1170 2739 1220 2802; x_wconf 91' lang='lat' dir='ltr'>ita</span> <span class='ocrx_word' id='word_1_93' title='bbox 1231 2757 1307 2802; x_wconf 92' lang='lat' dir='ltr'>cum</span> 
     </span>
     <span class='ocr_line' id='line_1_16' title="bbox 187 2831 1308 2915; baseline 0 -19"><span class='ocrx_word' id='word_1_94' title='bbox 187 2833 428 2915; x_wconf 87' lang='lat' dir='ltr'>intelligentia,</span> <span class='ocrx_word' id='word_1_95' title='bbox 443 2833 476 2895; x_wconf 94' lang='lat' dir='ltr'>id</span> <span class='ocrx_word' id='word_1_96' title='bbox 492 2833 565 2914; x_wconf 88' lang='lat' dir='ltr'>agit</span> <span class='ocrx_word' id='word_1_97' title='bbox 580 2854 587 2911; x_wconf 92' lang='lat'>;</span> <span class='ocrx_word' id='word_1_98' title='bbox 612 2843 647 2896; x_wconf 89' lang='lat' dir='ltr'>at</span> <span class='ocrx_word' id='word_1_99' title='bbox 661 2842 828 2896; x_wconf 84' lang='lat' dir='ltr'>externae</span> <span class='ocrx_word' id='word_1_100' title='bbox 840 2832 1006 2896; x_wconf 89' lang='lat' dir='ltr'>ecclesiae</span> <span class='ocrx_word' id='word_1_101' title='bbox 1018 2831 1133 2907; x_wconf 94' lang='lat' dir='ltr'>homo,</span> <span class='ocrx_word' id='word_1_102' title='bbox 1148 2833 1227 2914; x_wconf 91' lang='lat' dir='ltr'>quia</span> <span class='ocrx_word' id='word_1_103' title='bbox 1240 2852 1308 2896; x_wconf 91' lang='lat' dir='ltr'>non</span> 
     </span>
     <span class='ocr_line' id='line_1_17' title="bbox 186 2925 1139 3009; baseline -0.002 -17"><span class='ocrx_word' id='word_1_104' title='bbox 186 2928 237 2992; x_wconf 87' lang='lat' dir='ltr'>ita</span> <span class='ocrx_word' id='word_1_105' title='bbox 256 2928 448 2992; x_wconf 89' lang='lat' dir='ltr'>discernere</span> <span class='ocrx_word' id='word_1_106' title='bbox 467 2947 520 2990; x_wconf 91' lang='lat' dir='ltr'>res</span> <span class='ocrx_word' id='word_1_107' title='bbox 539 2937 668 3009; x_wconf 91' lang='lat' dir='ltr'>potest,</span> <span class='ocrx_word' id='word_1_108' title='bbox 688 2927 982 2991; x_wconf 90' lang='lat' dir='ltr'>indiscriminatim</span> <span class='ocrx_word' id='word_1_109' title='bbox 1001 2925 1093 2990; x_wconf 85' lang='lat' dir='ltr'>facit.</span> <span class='ocrx_word' id='word_1_110' title='bbox 1135 2935 1139 2942; x_wconf 86' lang='lat'>&#39;</span> 
     </span>
    </p>

    <p class='ocr_par' dir='ltr' id='par_1_8' title="bbox 186 3021 1310 3767">
     <span class='ocr_line' id='line_1_18' title="bbox 247 3021 1310 3106; baseline -0.003 -16"><span class='ocrx_word' id='word_1_111' title='bbox 247 3023 322 3090; x_wconf 81' lang='lat'>86.</span> <span class='ocrx_word' id='word_1_112' title='bbox 350 3023 555 3086; x_wconf 91' lang='lat' dir='ltr'>Discrimina</span> <span class='ocrx_word' id='word_1_113' title='bbox 572 3022 733 3105; x_wconf 86' lang='lat' dir='ltr'>proximi,</span> <span class='ocrx_word' id='word_1_114' title='bbox 749 3043 837 3106; x_wconf 92' lang='lat' dir='ltr'>quae</span> <span class='ocrx_word' id='word_1_115' title='bbox 855 3023 961 3086; x_wconf 93' lang='lat' dir='ltr'>homo</span> <span class='ocrx_word' id='word_1_116' title='bbox 983 3021 1151 3085; x_wconf 88' lang='lat' dir='ltr'>ecclesiae</span> <span class='ocrx_word' id='word_1_117' title='bbox 1166 3024 1310 3087; x_wconf 92' lang='lat' dir='ltr'>omnino</span> 
     </span>
     <span class='ocr_line' id='line_1_19' title="bbox 187 3114 1309 3199; baseline 0.002 -21"><span class='ocrx_word' id='word_1_118' title='bbox 187 3117 273 3180; x_wconf 89' lang='lat' dir='ltr'>scire</span> <span class='ocrx_word' id='word_1_119' title='bbox 295 3116 411 3190; x_wconf 91' lang='lat' dir='ltr'>debet,</span> <span class='ocrx_word' id='word_1_120' title='bbox 436 3136 471 3179; x_wconf 91' lang='lat' dir='ltr'>se</span> <span class='ocrx_word' id='word_1_121' title='bbox 498 3116 628 3179; x_wconf 90' lang='lat' dir='ltr'>habent</span> <span class='ocrx_word' id='word_1_122' title='bbox 651 3115 837 3178; x_wconf 88' lang='lat' dir='ltr'>secundum</span> <span class='ocrx_word' id='word_1_123' title='bbox 860 3115 999 3190; x_wconf 89' lang='lat' dir='ltr'>bonum,</span> <span class='ocrx_word' id='word_1_124' title='bbox 1022 3114 1114 3197; x_wconf 92' lang='lat' dir='ltr'>quod</span> <span class='ocrx_word' id='word_1_125' title='bbox 1141 3125 1195 3178; x_wconf 91' lang='lat' dir='ltr'>est</span> <span class='ocrx_word' id='word_1_126' title='bbox 1219 3117 1309 3199; x_wconf 90' lang='lat' dir='ltr'>apud</span> 
     </span>
     <span class='ocr_line' id='line_1_20' title="bbox 186 3207 1307 3293; baseline 0 -19"><span class='ocrx_word' id='word_1_127' title='bbox 186 3212 468 3292; x_wconf 91' lang='lat' dir='ltr'>unumquemvis;</span> <span class='ocrx_word' id='word_1_128' title='bbox 496 3220 531 3273; x_wconf 94' lang='lat' dir='ltr'>et</span> <span class='ocrx_word' id='word_1_129' title='bbox 555 3211 633 3293; x_wconf 88' lang='lat' dir='ltr'>quia</span> <span class='ocrx_word' id='word_1_130' title='bbox 655 3228 757 3272; x_wconf 90' lang='lat' dir='ltr'>omne</span> <span class='ocrx_word' id='word_1_131' title='bbox 779 3208 906 3273; x_wconf 92' lang='lat' dir='ltr'>bonum</span> <span class='ocrx_word' id='word_1_132' title='bbox 926 3209 1079 3291; x_wconf 91' lang='lat' dir='ltr'>procedit</span> <span class='ocrx_word' id='word_1_133' title='bbox 1102 3229 1123 3272; x_wconf 87' lang='lat' dir='ltr'>a</span> <span class='ocrx_word' id='word_1_134' title='bbox 1145 3207 1307 3285; x_wconf 92' lang='lat' dir='ltr'>Domino,</span> 
     </span>
     <span class='ocr_line' id='line_1_21' title="bbox 186 3303 1310 3386; baseline -0.001 -18"><span class='ocrx_word' id='word_1_135' title='bbox 186 3314 241 3369; x_wconf 89' lang='lat' dir='ltr'>est</span> <span class='ocrx_word' id='word_1_136' title='bbox 260 3303 428 3368; x_wconf 93' lang='lat' dir='ltr'>Dominus</span> <span class='ocrx_word' id='word_1_137' title='bbox 446 3305 479 3367; x_wconf 93' lang='lat' dir='ltr'>in</span> <span class='ocrx_word' id='word_1_138' title='bbox 499 3324 657 3386; x_wconf 87' lang='lat' dir='ltr'>supremo</span> <span class='ocrx_word' id='word_1_139' title='bbox 676 3324 777 3368; x_wconf 91' lang='lat' dir='ltr'>sensu</span> <span class='ocrx_word' id='word_1_140' title='bbox 796 3324 835 3367; x_wconf 91' lang='lat' dir='ltr'>ac</span> <span class='ocrx_word' id='word_1_141' title='bbox 855 3304 888 3367; x_wconf 92' lang='lat' dir='ltr'>in</span> <span class='ocrx_word' id='word_1_142' title='bbox 907 3304 1183 3384; x_wconf 88' lang='lat' dir='ltr'>supereminente</span> <span class='ocrx_word' id='word_1_143' title='bbox 1200 3305 1310 3386; x_wconf 86' lang='lat' dir='ltr'>gradu</span> 
     </span>
     <span class='ocr_line' id='line_1_22' title="bbox 187 3394 1308 3482; baseline 0.002 -20"><span class='ocrx_word' id='word_1_144' title='bbox 187 3398 376 3474; x_wconf 88' lang='lat' dir='ltr'>Proximus,</span> <span class='ocrx_word' id='word_1_145' title='bbox 394 3420 414 3462; x_wconf 92' lang='lat' dir='ltr'>a</span> <span class='ocrx_word' id='word_1_146' title='bbox 430 3421 497 3482; x_wconf 91' lang='lat' dir='ltr'>quo</span> <span class='ocrx_word' id='word_1_147' title='bbox 516 3401 623 3480; x_wconf 87' lang='lat' dir='ltr'>origo.</span> <span class='ocrx_word' id='word_1_148' title='bbox 664 3399 749 3463; x_wconf 92' lang='lat' dir='ltr'>Inde</span> <span class='ocrx_word' id='word_1_149' title='bbox 769 3399 922 3482; x_wconf 89' lang='lat' dir='ltr'>sequitur</span> <span class='ocrx_word' id='word_1_150' title='bbox 939 3398 1031 3481; x_wconf 94' lang='lat' dir='ltr'>quod</span> <span class='ocrx_word' id='word_1_151' title='bbox 1048 3408 1216 3481; x_wconf 88' lang='lat' dir='ltr'>quantum</span> <span class='ocrx_word' id='word_1_152' title='bbox 1236 3394 1308 3464; x_wconf 65' lang='lat' dir='ltr'>Doss</span> 
     </span>
     <span class='ocr_line' id='line_1_23' title="bbox 187 3493 1310 3577; baseline 0.002 -21"><span class='ocrx_word' id='word_1_153' title='bbox 187 3493 269 3556; x_wconf 94' lang='lat' dir='ltr'>mini</span> <span class='ocrx_word' id='word_1_154' title='bbox 287 3493 408 3576; x_wconf 86' lang='lat' dir='ltr'>aliquis</span> <span class='ocrx_word' id='word_1_155' title='bbox 426 3495 515 3576; x_wconf 91' lang='lat' dir='ltr'>apud</span> <span class='ocrx_word' id='word_1_156' title='bbox 534 3513 571 3557; x_wconf 94' lang='lat' dir='ltr'>se</span> <span class='ocrx_word' id='word_1_157' title='bbox 590 3493 706 3568; x_wconf 89' lang='lat' dir='ltr'>habet,</span> <span class='ocrx_word' id='word_1_158' title='bbox 724 3503 860 3558; x_wconf 92' lang='lat' dir='ltr'>tantum</span> <span class='ocrx_word' id='word_1_159' title='bbox 879 3494 924 3557; x_wconf 91' lang='lat' dir='ltr'>sit</span> <span class='ocrx_word' id='word_1_160' title='bbox 947 3493 1146 3576; x_wconf 87' lang='lat' dir='ltr'>proximus;</span> <span class='ocrx_word' id='word_1_161' title='bbox 1174 3503 1212 3558; x_wconf 90' lang='lat' dir='ltr'>et</span> <span class='ocrx_word' id='word_1_162' title='bbox 1230 3496 1310 3577; x_wconf 88' lang='lat' dir='ltr'>quia</span> 
     </span>
     <span class='ocr_line' id='line_1_24' title="bbox 186 3585 1309 3671; baseline 0.002 -20"><span class='ocrx_word' id='word_1_163' title='bbox 186 3587 299 3651; x_wconf 92' lang='lat' dir='ltr'>nullus</span> <span class='ocrx_word' id='word_1_164' title='bbox 318 3588 418 3651; x_wconf 92' lang='lat' dir='ltr'>simili</span> <span class='ocrx_word' id='word_1_165' title='bbox 438 3588 540 3651; x_wconf 92' lang='lat' dir='ltr'>modo</span> <span class='ocrx_word' id='word_1_166' title='bbox 558 3589 680 3670; x_wconf 89' lang='lat' dir='ltr'>recipit</span> <span class='ocrx_word' id='word_1_167' title='bbox 699 3588 896 3663; x_wconf 94' lang='lat' dir='ltr'>Dominum,</span> <span class='ocrx_word' id='word_1_168' title='bbox 906 3585 972 3650; x_wconf 91' lang='lat' dir='ltr'>hoc</span> <span class='ocrx_word' id='word_1_169' title='bbox 992 3596 1057 3661; x_wconf 91' lang='lat' dir='ltr'>est,</span> <span class='ocrx_word' id='word_1_170' title='bbox 1069 3587 1196 3651; x_wconf 93' lang='lat' dir='ltr'>bonum</span> <span class='ocrx_word' id='word_1_171' title='bbox 1217 3590 1309 3671; x_wconf 91' lang='lat' dir='ltr'>quod</span> 
     </span>
     <span class='ocr_line' id='line_1_25' title="bbox 186 3682 1309 3767; baseline -0.002 -20"><span class='ocrx_word' id='word_1_172' title='bbox 186 3682 230 3748; x_wconf 84' lang='lat' dir='ltr'>ab</span> <span class='ocrx_word' id='word_1_173' title='bbox 252 3683 342 3767; x_wconf 93' lang='lat' dir='ltr'>Ipso,</span> <span class='ocrx_word' id='word_1_174' title='bbox 363 3683 489 3746; x_wconf 92' lang='lat' dir='ltr'>idcireo</span> <span class='ocrx_word' id='word_1_175' title='bbox 512 3702 581 3746; x_wconf 91' lang='lat' dir='ltr'>non</span> <span class='ocrx_word' id='word_1_176' title='bbox 605 3703 690 3745; x_wconf 92' lang='lat' dir='ltr'>unus</span> <span class='ocrx_word' id='word_1_177' title='bbox 713 3682 814 3746; x_wconf 91' lang='lat' dir='ltr'>simili</span> <span class='ocrx_word' id='word_1_178' title='bbox 838 3683 942 3747; x_wconf 93' lang='lat' dir='ltr'>modo</span> <span class='ocrx_word' id='word_1_179' title='bbox 964 3693 1018 3747; x_wconf 91' lang='lat' dir='ltr'>est</span> <span class='ocrx_word' id='word_1_180' title='bbox 1042 3682 1218 3766; x_wconf 91' lang='lat' dir='ltr'>proximus</span> <span class='ocrx_word' id='word_1_181' title='bbox 1241 3704 1309 3767; x_wconf 93' lang='lat' dir='ltr'>quo</span> 
     </span>
    </p>

    <p class='ocr_par' dir='ltr' id='par_1_9' title="bbox 151 3777 1310 4430">
     <span class='ocr_line' id='line_1_26' title="bbox 151 3777 1309 3861; baseline 0.001 -19"><span class='ocrx_word' id='word_1_182' title='bbox 151 3842 154 3849; x_wconf 78' lang='grc'><em>,</em></span> <span class='ocrx_word' id='word_1_183' title='bbox 186 3777 293 3842; x_wconf 89' lang='lat' dir='ltr'>alter:</span> <span class='ocrx_word' id='word_1_184' title='bbox 314 3797 433 3842; x_wconf 93' lang='lat' dir='ltr'>omnes</span> <span class='ocrx_word' id='word_1_185' title='bbox 444 3779 534 3841; x_wconf 91' lang='lat' dir='ltr'>enim</span> <span class='ocrx_word' id='word_1_186' title='bbox 547 3778 603 3860; x_wconf 91' lang='lat' dir='ltr'>qui</span> <span class='ocrx_word' id='word_1_187' title='bbox 619 3779 652 3840; x_wconf 95' lang='lat' dir='ltr'>in</span> <span class='ocrx_word' id='word_1_188' title='bbox 665 3777 770 3842; x_wconf 91' lang='lat' dir='ltr'>caelis</span> <span class='ocrx_word' id='word_1_189' title='bbox 783 3787 874 3854; x_wconf 89' lang='lat' dir='ltr'>sunt,</span> <span class='ocrx_word' id='word_1_190' title='bbox 885 3789 921 3843; x_wconf 91' lang='lat' dir='ltr'>et</span> <span class='ocrx_word' id='word_1_191' title='bbox 934 3798 1054 3842; x_wconf 92' lang='lat' dir='ltr'>omnes</span> <span class='ocrx_word' id='word_1_192' title='bbox 1066 3778 1121 3861; x_wconf 90' lang='lat' dir='ltr'>qui</span> <span class='ocrx_word' id='word_1_193' title='bbox 1134 3778 1215 3841; x_wconf 92' lang='lat' dir='ltr'>boni</span> <span class='ocrx_word' id='word_1_194' title='bbox 1228 3789 1309 3843; x_wconf 93' lang='lat' dir='ltr'>sunt</span> 
     </span>
     <span class='ocr_line' id='line_1_27' title="bbox 185 3872 1309 3956; baseline 0.001 -20"><span class='ocrx_word' id='word_1_195' title='bbox 185 3874 220 3936; x_wconf 96' lang='lat' dir='ltr'>in</span> <span class='ocrx_word' id='word_1_196' title='bbox 239 3874 350 3948; x_wconf 88' lang='lat' dir='ltr'>terris,</span> <span class='ocrx_word' id='word_1_197' title='bbox 364 3872 521 3936; x_wconf 84' lang='lat' dir='ltr'>differunt</span> <span class='ocrx_word' id='word_1_198' title='bbox 538 3875 650 3950; x_wconf 92' lang='lat' dir='ltr'>bono;</span> <span class='ocrx_word' id='word_1_199' title='bbox 675 3892 839 3956; x_wconf 89' lang='lat' dir='ltr'>nusquam</span> <span class='ocrx_word' id='word_1_200' title='bbox 856 3874 957 3937; x_wconf 91' lang='lat' dir='ltr'>datur</span> <span class='ocrx_word' id='word_1_201' title='bbox 971 3873 1062 3956; x_wconf 90' lang='lat' dir='ltr'>apud</span> <span class='ocrx_word' id='word_1_202' title='bbox 1078 3873 1164 3936; x_wconf 92' lang='lat' dir='ltr'>duos</span> <span class='ocrx_word' id='word_1_203' title='bbox 1180 3874 1309 3938; x_wconf 92' lang='lat' dir='ltr'>bonum</span> 
     </span>
     <span class='ocr_line' id='line_1_28' title="bbox 186 3967 1310 4052; baseline -0.001 -20"><span class='ocrx_word' id='word_1_204' title='bbox 186 3988 322 4051; x_wconf 89' lang='lat' dir='ltr'>prorsus</span> <span class='ocrx_word' id='word_1_205' title='bbox 345 3987 447 4031; x_wconf 90' lang='lat' dir='ltr'>unum</span> <span class='ocrx_word' id='word_1_206' title='bbox 471 3977 507 4032; x_wconf 91' lang='lat' dir='ltr'>et</span> <span class='ocrx_word' id='word_1_207' title='bbox 533 3968 644 4046; x_wconf 91' lang='lat' dir='ltr'>idem;</span> <span class='ocrx_word' id='word_1_208' title='bbox 674 3969 805 4031; x_wconf 89' lang='lat' dir='ltr'>varium</span> <span class='ocrx_word' id='word_1_209' title='bbox 827 3968 892 4032; x_wconf 90' lang='lat' dir='ltr'>erit</span> <span class='ocrx_word' id='word_1_210' title='bbox 915 3979 952 4032; x_wconf 92' lang='lat' dir='ltr'>ut</span> <span class='ocrx_word' id='word_1_211' title='bbox 976 3967 1226 4050; x_wconf 89' lang='lat' dir='ltr'>unumquodvis</span> <span class='ocrx_word' id='word_1_212' title='bbox 1249 3990 1310 4052; x_wconf 91' lang='lat' dir='ltr'>per</span> 
     </span>
     <span class='ocr_line' id='line_1_29' title="bbox 177 4061 1310 4139; baseline 0.002 -13"><span class='ocrx_word' id='word_1_213' title='bbox 177 4083 223 4127; x_wconf 92' lang='lat' dir='ltr'>se</span> <span class='ocrx_word' id='word_1_214' title='bbox 249 4062 424 4127; x_wconf 89' lang='lat' dir='ltr'>subsistat.</span> <span class='ocrx_word' id='word_1_215' title='bbox 470 4061 537 4126; x_wconf 91' lang='lat' dir='ltr'>Sed</span> <span class='ocrx_word' id='word_1_216' title='bbox 562 4064 675 4126; x_wconf 91' lang='lat' dir='ltr'>omnia</span> <span class='ocrx_word' id='word_1_217' title='bbox 698 4062 757 4126; x_wconf 89' lang='lat' dir='ltr'>illa</span> <span class='ocrx_word' id='word_1_218' title='bbox 778 4063 882 4139; x_wconf 91' lang='lat' dir='ltr'>varia,</span> <span class='ocrx_word' id='word_1_219' title='bbox 902 4064 951 4127; x_wconf 91' lang='lat' dir='ltr'>ita</span> <span class='ocrx_word' id='word_1_220' title='bbox 974 4063 1088 4126; x_wconf 90' lang='lat' dir='ltr'>omnia</span> <span class='ocrx_word' id='word_1_221' title='bbox 1111 4063 1310 4128; x_wconf 88' lang='lat' dir='ltr'>discrimina</span> 
     </span>
     <span class='ocr_line' id='line_1_30' title="bbox 186 4155 1308 4239; baseline 0.002 -19"><span class='ocrx_word' id='word_1_222' title='bbox 186 4156 344 4239; x_wconf 86' lang='lat' dir='ltr'>proximi,</span> <span class='ocrx_word' id='word_1_223' title='bbox 364 4176 451 4239; x_wconf 90' lang='lat' dir='ltr'>quae</span> <span class='ocrx_word' id='word_1_224' title='bbox 473 4177 509 4220; x_wconf 93' lang='lat' dir='ltr'>se</span> <span class='ocrx_word' id='word_1_225' title='bbox 532 4155 663 4221; x_wconf 91' lang='lat' dir='ltr'>habent</span> <span class='ocrx_word' id='word_1_226' title='bbox 686 4158 874 4221; x_wconf 88' lang='lat' dir='ltr'>secundum</span> <span class='ocrx_word' id='word_1_227' title='bbox 896 4158 1129 4239; x_wconf 89' lang='lat' dir='ltr'>receptionem</span> <span class='ocrx_word' id='word_1_228' title='bbox 1154 4156 1308 4232; x_wconf 91' lang='lat' dir='ltr'>Domini,</span> 
     </span>
     <span class='ocr_line' id='line_1_31' title="bbox 184 4251 1308 4337; baseline 0.002 -22"><span class='ocrx_word' id='word_1_229' title='bbox 184 4251 251 4316; x_wconf 89' lang='lat' dir='ltr'>hoc</span> <span class='ocrx_word' id='word_1_230' title='bbox 282 4261 347 4327; x_wconf 91' lang='lat' dir='ltr'>est,</span> <span class='ocrx_word' id='word_1_231' title='bbox 371 4251 558 4314; x_wconf 88' lang='lat' dir='ltr'>secundum</span> <span class='ocrx_word' id='word_1_232' title='bbox 585 4253 820 4334; x_wconf 86' lang='lat' dir='ltr'>receptionem</span> <span class='ocrx_word' id='word_1_233' title='bbox 843 4253 923 4316; x_wconf 93' lang='lat' dir='ltr'>boni</span> <span class='ocrx_word' id='word_1_234' title='bbox 953 4253 997 4316; x_wconf 91' lang='lat' dir='ltr'>ab</span> <span class='ocrx_word' id='word_1_235' title='bbox 1026 4252 1118 4335; x_wconf 84' lang='lat' dir='ltr'>ipso,</span> <span class='ocrx_word' id='word_1_236' title='bbox 1139 4271 1308 4337; x_wconf 89' lang='lat' dir='ltr'>nusquam</span> 
     </span>
     <span class='ocr_line' id='line_1_32' title="bbox 184 4344 1309 4430; baseline 0.003 -21"><span class='ocrx_word' id='word_1_237' title='bbox 184 4346 306 4430; x_wconf 85' lang='lat' dir='ltr'>aliquis</span> <span class='ocrx_word' id='word_1_238' title='bbox 327 4344 443 4421; x_wconf 91' lang='lat' dir='ltr'>homo,</span> <span class='ocrx_word' id='word_1_239' title='bbox 464 4365 506 4409; x_wconf 91' lang='lat' dir='ltr'>ne</span> <span class='ocrx_word' id='word_1_240' title='bbox 529 4346 665 4430; x_wconf 90' lang='lat' dir='ltr'>quidem</span> <span class='ocrx_word' id='word_1_241' title='bbox 684 4346 839 4429; x_wconf 88' lang='lat' dir='ltr'>angelus,</span> <span class='ocrx_word' id='word_1_242' title='bbox 859 4348 945 4411; x_wconf 86' lang='lat' dir='ltr'>scire</span> <span class='ocrx_word' id='word_1_243' title='bbox 968 4356 1096 4429; x_wconf 92' lang='lat' dir='ltr'>potest,</span> <span class='ocrx_word' id='word_1_244' title='bbox 1117 4346 1178 4410; x_wconf 92' lang='lat' dir='ltr'>sed</span> <span class='ocrx_word' id='word_1_245' title='bbox 1201 4348 1309 4412; x_wconf 92' lang='lat' dir='ltr'>modo</span> 
     </span>
    </p>
   </div>
   <div class='ocr_carea' id='block_1_5' title="bbox 188 1630 1387 1968">
    <p class='ocr_par' dir='ltr' id='par_1_10' title="bbox 188 1630 1387 1968">
     <span class='ocr_line' id='line_1_33' title="bbox 188 1630 1387 1968; baseline 0 -209"><span class='ocrx_word' id='word_1_246' title='bbox 188 1630 467 1968; x_wconf 66' lang='lat' dir='ltr'>PRIMUM</span> <span class='ocrx_word' id='word_1_247' title='bbox 491 1696 623 1761; x_wconf 89' lang='lat' dir='ltr'>dicetur</span> <span class='ocrx_word' id='word_1_248' title='bbox 652 1696 733 1780; x_wconf 92' lang='lat' dir='ltr'>quid</span> <span class='ocrx_word' id='word_1_249' title='bbox 754 1695 950 1772; x_wconf 70' lang='lat' dir='ltr'>Promittas,</span> <span class='ocrx_word' id='word_1_250' title='bbox 973 1695 1031 1761; x_wconf 90' lang='lat' dir='ltr'>ille</span> <span class='ocrx_word' id='word_1_251' title='bbox 1057 1696 1148 1761; x_wconf 90' lang='lat' dir='ltr'>enim</span> <span class='ocrx_word' id='word_1_252' title='bbox 1171 1706 1225 1762; x_wconf 90' lang='lat' dir='ltr'>est</span> <span class='ocrx_word' id='word_1_253' title='bbox 1251 1717 1320 1780; x_wconf 75' lang='lat' dir='ltr'>qu:</span> <span class='ocrx_word' id='word_1_254' title='bbox 1341 1691 1387 1743; x_wconf 68' lang='lat'>¹</span> 
     </span>
    </p>
   </div>
   <div class='ocr_carea' id='block_1_6' title="bbox 184 4440 1305 4526">
    <p class='ocr_par' dir='ltr' id='par_1_11' title="bbox 184 4440 1305 4526">
     <span class='ocr_line' id='line_1_34' title="bbox 184 4440 1305 4526; baseline 0.001 -21"><span class='ocrx_word' id='word_1_255' title='bbox 184 4441 220 4505; x_wconf 94' lang='lat' dir='ltr'>in</span> <span class='ocrx_word' id='word_1_256' title='bbox 242 4441 425 4520; x_wconf 91' lang='lat' dir='ltr'>communi,</span> <span class='ocrx_word' id='word_1_257' title='bbox 445 4442 494 4506; x_wconf 90' lang='lat' dir='ltr'>ita</span> <span class='ocrx_word' id='word_1_258' title='bbox 516 4460 644 4525; x_wconf 82' lang='lat' dir='ltr'>genera</span> <span class='ocrx_word' id='word_1_259' title='bbox 665 4450 702 4507; x_wconf 90' lang='lat' dir='ltr'>et</span> <span class='ocrx_word' id='word_1_260' title='bbox 724 4440 846 4506; x_wconf 86' lang='lat' dir='ltr'>horum</span> <span class='ocrx_word' id='word_1_261' title='bbox 869 4442 999 4526; x_wconf 88' lang='lat' dir='ltr'>species</span> <span class='ocrx_word' id='word_1_262' title='bbox 1012 4462 1021 4524; x_wconf 75' lang='lat'>3</span> <span class='ocrx_word' id='word_1_263' title='bbox 1048 4459 1112 4507; x_wconf 92' lang='lat' dir='ltr'>nec</span> <span class='ocrx_word' id='word_1_264' title='bbox 1135 4440 1305 4506; x_wconf 88' lang='lat' dir='ltr'>Dominus</span> 
     </span>
    </p>
   </div>
   <div class='ocr_carea' id='block_1_7' title="bbox 0 0 1392 5040">
    <p class='ocr_par' dir='ltr' id='par_1_12' title="bbox 0 0 1392 5040">
     <span class='ocr_line' id='line_1_35' title="bbox 0 0 1392 5040; baseline 0 0"><span class='ocrx_word' id='word_1_265' title='bbox 0 0 1392 5040; x_wconf 95' lang='lat' dir='ltr'> </span> 
     </span>
    </p>
   </div>
  </div>
 </body>
</html>
