2858 5046
309 497 358 552 ΕΤ
379 498 465 567 EJus
487 496 686 551 DOCTRINA
707 494 984 552 cautesve-n.
1001 485 1073 563 246.
1192 484 1255 563 ‘135

645 997 754 1084 [rnre]

516 1219 590 1295 DE
623 1219 892 1295 ECCLESIA.

139 1561 212 1617 ψ.

290 1613 394 1681 UOD
409 1615 499 1698 apud
517 1614 691 1679 hominem
710 1614 791 1679 facit
810 1612 955 1688 caelum,
971 1612 1037 1677 hoc
1054 1612 1158 1677 etiam
1176 1609 1259 1689 facit
1342 1626 1350 1647 ·

319 1709 521 1789 ecclesiam;
545 1729 625 1774 nam
643 1711 731 1774 sicut
750 1727 846 1772 amor
868 1717 904 1773 et
928 1708 1011 1771 fides
1033 1708 1161 1772 faciunt
1179 1726 1259 1771 cae·

145 1613 285 1965 Q
319 1804 400 1882 lum,
420 1805 468 1868 ita
491 1806 596 1869 etiam
619 1824 715 1868 amor
737 1814 774 1869 et
796 1802 880 1868 fides
903 1802 1031 1866 faciunt
1053 1800 1257 1865 ecclesiam:

319 1899 398 1964 inde
416 1920 462 1964 ex
481 1899 547 1963 illis
563 1920 649 1983 quae
668 1896 712 1964 de
727 1898 826 1963 caelo
842 1898 932 1980 prius
948 1893 1038 1961 dic'ta
1054 1906 1145 1972 sunt,
1162 1903 1261 1977 patet

140 1995 219 2078 quid
239 1994 396 2059 ecclesia.
1252 2034 1255 2039 -

198 2099 293 2170 141.
321 2084 482 2150 Ecclesia
499 2085 633 2160 dicitur,
653 2085 709 2148 ubi
732 2083 903 2148 Dominus
924 2081 1125 2164 agnoscitur
1145 2089 1188 2145 et·
1204 2081 1261 2144 ubi

140 2175 293 2256 Verbum
311 2185 387 2255 est;
411 2195 490 2241 nam
509 2174 707 2241 essentialia
726 2176 891 2241 ecclesiae
910 2185 990 2238 sunt
1010 2193 1105 2239 amor
1123 2184 1159 2238 et
1177 2172 1261 2239 fides

141 2271 174 2334 in
193 2271 378 2335 Dominum
398 2292 418 2335 a
437 2271 596 2346 Domino,
614 2281 650 2335 et
670 2269 822 2334 Verbum
840 2270 944 2334 docet
963 2269 1138 2352 quomodo
1156 2268 1261 2333 homo

140 2362 288 2429 vidturus
306 2375 360 2429 est
380 2375 418 2430 ut
436 2385 587 2430 amorem
607 2376 642 2429 et
661 2363 764 2429 fidem
783 2364 924 2446 recipiat
943 2384 963 2427 a
983 2363 1144 2427 Domino.

199 2469 297 2538 243·
325 2456 376 2520 Ut
392 2456 538 2520 ecclesia
556 2458 611 2531 sit,
628 2457 693 2521 erit
710 2454 868 2520 dodirina
885 2477 931 2519 ex
949 2454 1080 2529 Verbo,
1099 2456 1260 2537 quoniam

141 2547 269 2631 absque
284 2545 440 2612 doctrina
455 2568 524 2611 non
540 2547 745 2630 intelligitur
757 2546 909 2612 Verbum
923 2568 931 2625 ;
943 2557 1004 2610 ast
1021 2547 1094 2612 sola
1107 2546 1262 2612 doctrina

143 2661 210 2705 non
237 2642 317 2707 lacit
344 2642 526 2707 ecclesiam
553 2644 642 2725 apud
672 2643 857 2718 hominem,
886 2644 945 2707 sed
976 2643 1048 2706 vita
1074 2643 1260 2707 secundum

142 2736 247 2801 illam,
287 2737 374 2802 Inde
390 2738 541 2820 sequitur
557 2739 647 2820 quod
667 2758 734 2802 non
755 2737 839 2802 fides
857 2736 931 2802 sola
950 2737 1052 2803 faciat
1068 2737 1260 2816 ecclesiam,

143 2831 202 2895 sed
217 2832 290 2895 vita
305 2829 383 2895 fidei
398 2852 486 2914 quae
501 2841 555 2896 est
571 2833 730 2897 charitas.
767 2831 923 2896 Genuina
938 2830 1092 2896 dotirina
1108 2842 1161 2896 est
1177 2833 1260 2897 doc·

143 2926 232 2991 trina
247 2925 426 2993 charitatis
443 2937 478 2991 et
498 2926 596 2990 simul
615 2925 705 3000 fidei,
722 2936 757 2992 et
777 2946 845 2990 non
864 2924 1018 2992 dot‘trina
1037 2927 1114 2991 fidei
1133 2927 1262 3011 absque

143 3018 220 3083 illa:
252 3039 331 3083 narn
355 3015 510 3085 dot'trina
532 3020 711 3084 charitatis
734 3030 769 3085 et
793 3020 892 3083 simul
915 3018 1003 3091 fidei,
1027 3030 1081 3085 est
1107 3018 1263 3086 destrina

143 3114 254 3192 vitae;
278 3133 347 3178 non
363 3124 479 3179 autern
496 3112 649 3178 doctrina
666 3114 743 3179 fidei
759 3115 888 3198 absque
902 3113 1057 3178 dodtrina
1072 3115 1262 3179 charitatis.

201 3219 301 3289 144.
329 3205 385 3269 11Ιί
400 3207 456 3287 qui
472 3214 574 3269 extra
589 3205 773 3270 ecclesiam
790 3217 881 3281 sunt,
895 3217 931 3270 et
947 3215 1142 3288 agnoscunt
1158 3226 1262 3270 unum

143 3297 266 3374 Deum,
285 3307 322 3363 et
340 3299 528 3362 secundum
547 3298 743 3380 religiosum
763 3317 859 3362 suum
878 3300 912 3363 in
930 3299 1077 3382 quadam
1093 3299 1264 3364 charitate

144 3411 225 3474 erga
245 3392 439 3476 proximum
458 3393 588 3466 vivunt,
608 3394 642 3456 in
665 3395 905 3457 communione
923 3403 1003 3456 sunt
1021 3412 1098 3457 cum
1118 3393 1185 3457 illis
1207 3395 1266 3477 qni·

144 3486 188 3549 ab
209 3485 376 3565 ecclesia;
404 3488 563 3569 quoniam
588 3506 689 3551 nemo
714 3489 770 3571 qui
793 3488 902 3552 credit
925 3488 958 3550 in
983 3486 1094 3551 Deum
1117 3496 1152 3551 et
1176 3487 1264 3552 bene

144 3580 238 3655 vivit,
258 3581 458 3645 damnatur:
483 3581 562 3645 inde
582 3591 680 3663 patet
698 3582 789 3664 quod
809 3581 954 3646 ecclesia
973 3581 1111 3668 Domini
1129 3583 1173 3646 sit
1190 3582 1263 3645 ubi·

144 3676 194 3738 vis
212 3676 247 3738 in
266 3675 424 3739 universo
439 3685 605 3739 terrarum
621 3677 713 3752 orbe,
731 3677 870 3740 tametsi
889 3677 922 3739 in
939 3677 1052 3758 specie
1068 3676 1124 3739 ubi
1144 3675 1264 3739 Domi·

145 3787 207 3833 nus
226 3770 435 3851 agnoscitur,
455 3779 491 3834 et
511 3770 567 3833 ubi
586 3769 739 3834 Verbum
758 3780 821 3835 est.

203 3875 302 3944 24³.
334 3859 458 3925 Omnis
488 3862 579 3944 apud
611 3881 713 3944 quem
744 3862 892 3927 ecclesia
923 3871 988 3936 est,
1017 3861 1193 3940 salvatur;
1227 3870 1265 3926 at

146 3954 257 4017 omnis
274 3953 365 4038 apud
384 3973 485 4037 quern
506 3973 574 4018 non
593 3954 739 4019 ecclesia
758 3965 823 4030 est,
843 3955 1102 4020 condemnatur.
1291 3947 1292 3950 ’

546 4134 585 4187 (nr
597 4145 694 4178 areima
705 4135 866 4186 emmaus)

198 4235 288 4308 24⁶.
313 4234 402 4308 Quod
413 4236 538 4291 ecclesia
547 4236 577 4290 in
591 4236 690 4307 specie
699 4236 738 4291 sit
751 4236 802 4291 ubi
811 4236 952 4300 Verbum.
963 4247 994 4292 et
1046 4237 1102 4292 rid
1118 4237 1265 4294 Dominus

146 4316 242 4368 notus.
257 4308 299 4361 ita
311 4307 361 4361 ubi
376 4307 486 4362 Divina
496 4323 568 4362 vera
579 4318 650 4362 sunt
663 4308 792 4362 revelata
805 4309 845 4376 (n.
859 4309 936 4377 3857,
953 4320 1001 4374 107
1024 4309 1058 4374 ι).

199 4377 242 4431 At
254 4392 349 4447 usque
361 4379 441 4448 quod
456 4377 524 4432 ideo
536 4394 598 4432 non
610 4379 648 4432 ab
660 4378 785 4433 ecclesia
796 4379 857 4433 sint
869 4380 920 4449 qui
934 4379 996 4432 nati
1010 4379 1060 4432 ubi
1073 4377 1205 4433 Verbum
1219 4390 1265 4434 est

146 4457 176 4503 et
193 4446 341 4503 Dominus
354 4458 452 4511 notus,
462 4448 513 4504 sed
530 4449 581 4520 qui
598 4464 651 4520 per
661 4464 732 4503 vera
746 4465 782 4504 ex
794 4448 896 4504 Verbo
910 4465 929 4504 a
944 4448 1075 4521 Domino
1090 4465 1265 4521 regeneran-
