2776 5040
136 419 176 486 1⁶
406 432 583 485 canorius
604 429 737 484 som
757 428 975 485 sccussms.

490 746 650 814 CAPUT
680 744 889 814 SEXTUM.

133 959 191 1024 Dr
221 958 449 1024 Cnssrrosn
478 956 669 1024 Unrvnnm
698 972 724 1023 A
754 957 839 1023 Dso
871 970 951 1023 uno
981 971 1031 1023 ar
1061 969 1237 1033 minum,

209 1066 260 1118 ux
284 1053 427 1118 D1v1no
450 1052 605 1129 Auona,
630 1065 701 1117 ran
724 1052 900 1117 Drvnvsu
922 1051 1173 1117 Sssmnrmu.

199 1277 226 1325 1.
257 1258 359 1344 Quod
386 1260 475 1325 ratio
501 1259 673 1324 illustrata
699 1260 815 1324 videat
845 1260 937 1343 quod
963 1261 1117 1325 omnium
1143 1261 1244 1343 prima

345 1353 452 1437 Origo
468 1355 585 1418 mundi
599 1355 645 1419 sit
657 1353 780 1429 Amor,
793 1363 829 1419 et
844 1354 935 1437 quod
952 1353 1102 1418 Mundus
1118 1363 1245 1419 creatus

343 1450 388 1514 sit
406 1470 453 1513 ex
468 1447 528 1513 illo
544 1469 604 1532 per
616 1447 838 1531 Sapientiam.
877 1447 961 1512 Inde
977 1459 1013 1512 et
1030 1469 1100 1512 non
1116 1448 1246 1513 aliunde

344 1552 398 1608 est
420 1543 512 1626 quod
535 1543 692 1619 mundus,
709 1563 730 1606 a
752 1542 868 1626 primis
890 1543 958 1606 suis
976 1543 1021 1607 ad
1040 1542 1165 1608 ultima
1180 1563 1247 1619 sua,

343 1637 388 1702 sit
407 1658 492 1721 opus
510 1637 545 1700 in
563 1646 742 1701 aeternum
760 1636 958 1701 cohaerens.

197 1749 227 1798 2.
259 1731 361 1817 Quod
389 1731 537 1795 Mundus
564 1740 699 1796 creatus
725 1733 770 1796 sit
796 1753 842 1796 ex
869 1730 1000 1795 Amore
1026 1752 1087 1816 per
1109 1730 1249 1815 Sapien-

344 1828 535 1903 tiam-ita
559 1846 620 1910 per
642 1824 770 1902 Solem,
789 1827 846 1910 qui
867 1836 921 1890 est
948 1846 1052 1909 purus
1076 1823 1199 1903 Amor,
1218 1828 1249 1891 in

344 1920 439 2003 cujus
460 1920 575 1985 medio
596 1929 651 1984 est
672 1919 828 2002 Jehovah
856 1920 1112 1996 Deus-videri
1136 1929 1251 2003 potest

344 2036 390 2079 ex
408 2014 712 2099 correspondentia
726 2015 853 2078 amoris
867 2032 945 2077 cum
960 2013 1088 2090 calore,
1105 2034 1147 2079 ac
1164 2016 1252 2097 sapi·

344 2109 460 2174 entiae
474 2128 552 2173 cum
572 2108 656 2173 luce.
701 2106 804 2190 Quod
822 2128 883 2191 per
900 2108 985 2172 haec
1005 2109 1085 2184 duo,
1101 2107 1251 2173 calorem

345 2212 381 2267 et
400 2202 522 2278 lucem,
536 2202 703 2266 subsistat
722 2202 879 2278 mundus,
896 2211 932 2266 et
949 2203 1137 2285 quotannis
1154 2199 1253 2268 ¹¹¹cre·

345 2307 446 2362 entur
457 2297 571 2361 omnia
584 2316 684 2378 super
696 2295 767 2378 ejus
778 2295 974 2378 superficie;
993 2306 1030 2361 et
1039 2296 1134 2380 quod
1147 2297 1254 2362 siduo

345 2390 406 2455 illu
419 2390 712 2466 subtraherentur,
719 2390 866 2455 caderet·
877 2390 1023 2454 mundus
1037 2392 1073 2454 in
1087 2390 1208 2468 chaos,
1219 2400 1255 2456 et

345 2486 393 2549 sic
412 2486 447 2548 in
465 2483 618 2548 nihilum.

200 2595 228 2660 3.
259 2576 361 2662 Quod
384 2580 452 2642 sint
476 2579 541 2642 tria
560 2598 646 2660 quae
669 2587 855 2661 sequuntur
870 2579 1256 2662 ordine‚etprocedunt

346 2675 514 2738 comitatu
532 2673 716 2749 individuo,
729 2674 901 2748 videlicet,
921 2672 1043 2749 Amor,
1064 2673 1256 2758 Sapientia,

346 2778 382 2832 et
401 2767 502 2832 Usus.

197 2880 229 2943 4
259 2861 362 2945 Quod
380 2861 491 2925 Amor
506 2881 566 2945 per
584 2860 793 2944 Sapientiam
816 2862 947 2926 existat
969 2869 1006 2926 et
1029 2863 1200 2928 subsistat
1223 2865 1258 2928 in

348 2956 433 3022 Usu.

201 3066 229 3134 5.
260 3049 362 3135 Quod
381 3052 446 3115 tria
468 3049 528 3114 illa
545 3050 615 3114 sint
636 3051 671 3113 in
695 3050 781 3125 Deo,
801 3058 837 3114 et
855 3050 947 3133 quod
964 3051 1031 3115 tria
1054 3050 1115 3114 illa
1134 3072 1259 3135 proce·

346 3146 432 3209 dant
451 3166 496 3208 ex
517 3145 602 3207 Deo.

198 3239 229 3304 6.
261 3237 363 3322 Quod
382 3239 587 3304 Universum
606 3247 760 3302 creatum
778 3240 948 3304 consistat
966 3260 1013 3303 ex
1035 3238 1180 3305 infinitis
1203 3262 1260 3305 re·

346 3333 534 3415 ceptaculis
552 3334 654 3397 trium
671 3333 816 3396 illorum.

199 3442 230 3509 7.
261 3425 350 3511 Quia
372 3427 484 3492 Amor
509 3438 544 3493 et
567 3427 743 3510 Sapientia
764 3429 921 3492 existunt
943 3438 980 3493 et
1003 3429 1200 3494 subsistunt
1223 3431 1260 3495 in

347 3523 433 3598 Usu,
452 3523 544 3606 quod
562 3522 767 3587 Universum
790 3533 944 3587 creatum
966 3523 1011 3587 sit
1036 3523 1260 3607 Receptacu-

347 3615 416 3680 lum
435 3636 565 3692 usuum,
583 3618 650 3699 qui,
667 3637 712 3680 ex
731 3618 861 3699 origine
880 3638 950 3693 sua,
968 3617 1091 3681 infiniti
1109 3628 1206 3684 sunt.

196 3711 226 3774 8.
260 3707 431 3791 Quoniam
457 3731 559 3776 omne
586 3711 719 3775 Bonum
746 3723 800 3776 est
827 3732 847 3775 a
873 3711 960 3787 Deo,
987 3730 1028 3775 ac
1056 3711 1194 3777 Bonum
1222 3726 1262 3781 et

348 3805 441 3870 Usus
468 3825 570 3869 unum
597 3814 689 3882 eunt,
709 3824 748 3869 ac
776 3806 983 3870 Universum
1013 3816 1171 3871 creatum
1205 3820 1263 3875 est

348 3899 530 3964 Plenitudo
547 3918 666 3963 usuum
689 3899 867 3974 informis,
887 3901 1038 3982 sequitur
1055 3901 1148 3984 quod
1170 3902 1262 3968 Uni·

348 4013 484 4057 versum
501 4005 655 4058 creatum
674 3995 719 4058 sit
738 3994 919 4057 Plenitudo
938 3994 1013 4057 Dei.

200 4103 231 4170 9
262 4084 364 4170 Quod
385 4086 522 4152 Creatio
540 4085 629 4152 satta
647 4089 693 4152 sit
715 4109 761 4152 ex
784 4088 910 4152 Divino
928 4088 1059 4152 Amore
1078 4109 1139 4172 per
1158 4090 1262 4156 Divi-

348 4203 427 4248 nam
446 4184 668 4268 Sapientiam,
680 4184 884 4268 intelligitur
901 4205 962 4268 per
979 4184 1065 4250 haec
1085 4187 1178 4269 apud
1192 4188 1261 4263 Jo-

348 4277 501 4356 honum,
