2776 5040
138 457 180 520 24
610 453 782 508 conoms.

136 645 156 687 a
183 624 333 687 mortuis.
378 621 554 706 Separatio
576 622 671 697 haec,
695 634 730 687 et
757 633 837 686 tunc
860 622 1011 688 elevatio
1033 625 1197 690 bonorum
1218 627 1242 690 iu

135 718 265 781 caelum
292 739 350 781 seu
377 719 410 780 in
434 728 558 781 terram
582 719 777 791 viventium,
801 738 840 781 ac
863 717 1010 799 dejeb'tio
1032 721 1197 785 malorum
1219 724 1245 784 in

135 813 298 875 infernum
322 833 380 875 seu
404 813 436 874 in
460 822 585 875 terram
608 823 827 888 mortuorum,
847 823 901 876 est
924 834 1012 896 quae
1035 827 1181 880 vocatur
1199 816 1245 898 Ju-

135 908 267 970 dicium.
313 904 414 987 Quod
433 905 502 969 tale
516 906 676 987 judicium
688 906 840 987 jamdum
858 927 950 970 anno
972 923 1056 990 1757
1072 908 1196 974 facium
1211 913 1246 973 sit

135 1021 234 1082 super
256 1001 410 1064 homines
432 1001 616 1064 hodiernae
638 1000 815 1065 Ecclesiae
838 1000 1067 1079 Christianae,
1087 1005 1124 1068 in
1146 1008 1247 1088 singu·

135 1095 194 1158 lari
218 1095 390 1178 opusculo,
410 1114 501 1159 anno
527 1097 606 1176 1758
628 1095 776 1159 Londini
798 1096 902 1172 edito,
921 1096 1128 1179 evulgatum
1149 1110 1185 1164 et
1200 1101 1248 1163 de·

134 1191 295 1271 scriptum
315 1200 378 1252 est.

198 1299 264 1365 13.
295 1282 377 1365 Quis
401 1304 468 1347 non
492 1284 586 1347 videt
606 1285 846 1347 necessitatem
865 1285 956 1367 quod
975 1287 1059 1349 mali
1079 1290 1248 1371 separandi

134 1379 200 1441 sint
224 1399 244 1440 a
266 1377 373 1453 bonis,
398 1398 441 1441 ne
464 1378 543 1441 mali
570 1377 663 1441 letali
686 1380 848 1460 contagio
877 1377 1072 1444 inficiantur
1095 1394 1134 1446 et
1164 1404 1248 1467 pere·

134 1472 216 1535 ant?
259 1471 347 1535 Nam
366 1471 502 1546 malum,
522 1474 599 1555 quia
617 1495 637 1536 a
655 1484 753 1555 partu
771 1473 895 1536 insidet
914 1483 1059 1538 naturae
1078 1475 1248 1551 humanae,

134 1586 172 1629 ac
197 1566 271 1649 plus
294 1576 328 1630 et
352 1567 426 1649 plus
445 1567 661 1649 ingeneratur
684 1567 796 1630 liberis
818 1588 838 1630 a
860 1569 1071 1650 parentibus,
1091 1581 1250 1652 pergente

134 1660 289 1724 Ecclesia
315 1660 358 1724 ad
388 1663 727 1734 consummationem,
755 1671 808 1724 est
834 1663 921 1725 sicut
948 1663 1092 1743 pestifer
1120 1666 1249 1728 morbus

134 1757 189 1837 qui
208 1764 348 1818 vocatur
367 1775 498 1830 cancer,
518 1757 573 1837 qui
592 1756 834 1837 circumserpit,
853 1775 892 1818 ac
912 1766 1029 1837 partes
1048 1758 1205 1841 integras
1220 1768 1250 1822 et

134 1852 227 1912 vivas
249 1849 439 1931 graduatim
460 1849 650 1913 mortificat.
696 1847 778 1930 Quis
797 1850 947 1931 agricola
970 1860 1005 1913 et
1030 1850 1249 1928 hortulanusll

134 1946 213 2007 dum
240 1945 332 2006 videt
359 1964 552 2007 accrescere
578 1954 703 2018 sentes,
732 1946 866 2017 urticas,
894 1946 1008 2026 spinas
1036 1957 1073 2010 et
1101 1949 1249 2021 carduos,

135 2060 201 2101 non
233 2040 401 2120 exstirpat
431 2038 499 2112 illa,
531 2049 713 2120 antequam
743 2040 925 2102 inseminat
954 2049 990 2102 et
1022 2039 1165 2106 inarat¹¹¹
1190 2044 1249 2107 iru-

134 2143 250 2197 menta
265 2143 300 2196 et
316 2133 448 2196 edulia?
493 2131 576 2214 Quis
592 2132 744 2208 colonus,
761 2134 839 2197 dum
855 2134 949 2197 videt
964 2135 1110 2199 herbam
1127 2148 1164 2201 et
1178 2159 1248 2220 gra-

133 2248 211 2290 men
231 2228 382 2290 consumi
400 2249 421 2289 a
439 2230 607 2291 vermibus
625 2239 683 2292 aut
707 2228 856 2303 locustiS,
877 2248 944 2292 non
963 2229 1051 2294 fodit
1075 2230 1201 2295 fossam
1218 2241 1249 2294 et

134 2331 268 2405 separat
285 2340 439 2404 campum
455 2324 620 2386 virentem
636 2344 656 2386 a
675 2324 829 2403 depasto,
845 2333 880 2386 et
896 2324 943 2385 sic
960 2325 1111 2389 consulit
1128 2335 1166 2388 ut
1181 2336 1249 2388 sata

134 2428 168 2480 et
182 2419 288 2480 vireta
300 2417 563 2480 conserventur?
603 2417 686 2498 Quis
699 2427 825 2499 pastor,
839 2418 918 2480 dum
930 2417 1026 2482 videt
1038 2418 1129 2482 seras
1142 2420 1248 2483 multi·

134 2512 248 2595 plicari
272 2513 395 2573 circum
419 2513 506 2574 circa
533 2533 657 2593 pascua
680 2515 791 2575 ovium
815 2532 960 2586 suarum,
986 2532 1055 2575 non
1084 2525 1248 2578 convocat

134 2618 286 2689 pastores
310 2606 436 2668 vicinos
462 2617 497 2669 et
526 2628 651 2678 servos,
675 2604 743 2669 ac¹⁸l
767 2626 842 2669 cum
871 2606 948 2670 telis
971 2618 1030 2670 aut
1058 2609 1146 2671 bolis
1169 2610 1248 2672 seras

134 2703 208 2765 illas
231 2702 377 2765 trucidat
400 2711 456 2763 aut
481 2701 608 2781 abigit?
653 2699 736 2781 Quis
759 2722 831 2774 rex,
856 2701 935 2763 dum
959 2702 1052 2764 videt
1079 2705 1178 2766 urbes
1203 2704 1247 2764 sui

134 2798 228 2878 regni
247 2798 370 2859 circum
391 2797 593 2877 metropolin
613 2816 717 2868 suam,
737 2806 771 2858 et
796 2796 949 2858 hostibus
967 2807 1099 2877 captas,
1120 2809 1155 2861 et
1175 2798 1246 2860 sub·

133 2893 278 2953 ditorum
302 2891 391 2952 bona
414 2891 457 2952 ab
479 2890 543 2952 illis
566 2910 732 2971 possessa,
757 2910 825 2953 nou
849 2901 1016 2953 convocat
1041 2894 1189 2972 agmina,
1211 2910 1245 2953 ac

133 2985 221 3066 ejicit
241 2986 368 3058 hostes,
386 3003 423 3046 ac
443 2985 533 3046 bona
552 2995 703 3066 surrepta
722 2985 788 3047 suis
804 2985 960 3058 restituit,
978 3004 1019 3046 ac
1038 2987 1174 3068 insuper
1191 2987 1245 3048 ad·

129 3080 201 3160 jicit
220 3079 326 3160 spolia
349 3081 444 3160 pretii
464 3079 621 3152 hostium,
638 3089 673 3142 et
692 3081 738 3141 sic
759 3079 953 3142 consolatur
971 3078 1073 3142 illos?

193 3257 260 3324 14.
289 3242 340 3313 (ν.)
365 3241 450 3309 uuor
468 3247 540 3320 post
562 3241 641 3302 hoec
666 3240 807 3304 Dominus
829 3241 954 3303 «leherii
976 3261 1019 3306 οι
1039 3244 1128 3308 bonis
1150 3246 1192 3308 cd
1209 3245 1245 3307 So

134 3333 260 3393 elevatis
282 3331 395 3393 condat
411 3350 517 3392 novum
538 3330 672 3400 Ocelum,
694 3332 827 3413 siquod
850 3350 891 3393 er
909 3333 999 3394 molis
1020 3354 1040 3395 c
1064 3336 1106 3398 Se
1127 3335 1245 3399 nnotb

133 3444 238 3486 novum
265 3422 439 3494 infernum
473 3427 507 3483 ot
533 3422 613 3503 quod
638 3421 759 3502 uirique
786 3422 912 3484 inducat
937 3424 1084 3497 ordinem,
1112 3432 1147 3488 ut
1170 3431 1246 3489 ahot

132 3515 189 3577 sub
203 3534 260 3576 suo
274 3515 409 3595 auspicio
431 3520 464 3575 et
482 3533 541 3576 cun
556 3514 723 3577 obedientia
744 3515 775 3575 in
789 3515 1145 3600 aetornum-Legitur
1163 3518 1242 3602 apud

133 3609 282 3691 EsaJizm,

184 3728 395 3856 DixitlJehova)h,
409 3733 426 3753 ¹⁴
436 3730 502 3779 Ecce
516 3730 573 3792 Ego
586 3745 679 3780 creans
691 3732 780 3780 caelos
793 3745 888 3787 novos,
900 3741 927 3780 et
939 3742 1038 3781 terram
1052 3748 1152 3782 novam
1159 3733 1174 3753 ’⁹
1181 3732 1240 3794 (cap.

274 3809 316 3843 xv.
334 3807 362 3854 17
383 3810 388 3852 ;

136 3907 200 3990 [et]
221 3908 298 3971 alibi
318 3909 405 3991 apud
425 3912 579 3980 eundem,

184 4033 440 4097 “Quemadmodum
454 4035 518 4084 caeli
532 4036 595 4083 novi
608 4046 635 4084 et
646 4044 716 4084 terra
729 4051 807 4096 nova,
822 4052 888 4101 quae
908 4037 966 4102 Ego
983 4037 1104 4090 rasurus
1116 4055 1183 4099 sum,
1195 4051 1240 4090 su

262 4100 329 4148 bunt
341 4114 430 4149 coram
445 4100 512 4150 Me”
524 4100 591 4163 (cap.
603 4100 666 4149 lxvi.
679 4101 735 4162 22);

133 4224 165 4287 in
185 4223 412 4307 Apocalypsi:

185 4350 271 4399 “Vidi
292 4352 393 4401 caelum
413 4367 511 4401 novum
530 4363 556 4403 et
574 4364 672 4404 terram
691 4370 802 4419 novam;
832 4356 903 4418 prius
920 4356 1024 4407 caelum
1042 4367 1070 4409 et
1090 4359 1163 4424 prior
1178 4368 1241 4408 terra

263 4414 412 4467 transiitl⁴l”
424 4419 491 4481 (cap.
505 4420 558 4469 xxi.
573 4420 612 4482 1);
