2776 5040
454 485 630 537 ULTIMUM
651 482 921 551 JUDICIUM.-N.
941 484 987 533 12.
1219 484 1258 550 23

132 674 297 718 amorem.
344 652 444 735 Quod
457 653 616 736 judicium
630 653 688 717 fiat
705 654 738 717 in
751 653 878 716 mundo
891 651 1065 734 spirituali,
1079 662 1130 715 est
1147 672 1259 727 causa,

133 751 213 832 quia
240 750 381 832 quisque
407 749 510 812 homo
537 758 616 831 post
643 759 789 812 mortem
819 757 872 811 est
902 748 1025 823 homo;
1061 767 1128 810 non
1156 747 1259 811 homo

133 843 332 917 materialis,
369 853 406 907 ut
442 844 542 925 prius,
580 842 640 906 sed
676 843 780 907 homo
816 841 1061 906 substantialis.
1106 840 1259 923 Cujusvis

133 939 281 1001 hominis
309 957 404 1000 mens
435 958 494 1000 seu
524 938 659 1019 spiritus
682 947 735 1001 est
766 936 844 1001 talis
866 938 989 1014 homo;
1024 956 1144 1019 corpus
1168 937 1259 1019 quod

133 1032 286 1115 gestavit
303 1033 336 1094 in
353 1032 479 1095 mundo
495 1042 548 1094 est
564 1032 667 1095 modo
682 1033 928 1104 indumentum,
942 1042 976 1094 et
992 1033 1087 1113 quasi
1103 1034 1257 1107 exuviae,

132 1148 220 1210 quas
239 1128 406 1209 deposuit,
426 1136 461 1190 et
485 1128 646 1210 equibus
669 1127 803 1208 spiritus
822 1125 892 1207 ejus
916 1145 952 1188 se
976 1125 1114 1188 evolvit.
1159 1124 1258 1189 Nunc

133 1223 214 1304 quia
237 1242 332 1284 mens
356 1242 414 1284 seu
437 1222 573 1302 spiritus
591 1221 737 1283 hominis
760 1221 793 1283 in
817 1240 958 1301 corpore
977 1219 1144 1283 materiali
1163 1222 1258 1302 cogi-

133 1316 235 1388 tavit,
254 1325 290 1378 et
313 1326 394 1378 tunc
414 1316 468 1378 vel
491 1336 536 1378 ex
560 1314 723 1397 religione
746 1314 802 1377 vel
825 1334 893 1376 non
916 1335 961 1377 ex
985 1314 1159 1396 religione,
1180 1335 1259 1396 pro·

133 1429 202 1492 que
219 1410 294 1472 Deo
309 1410 364 1473 vel
384 1420 504 1473 contra
520 1409 641 1485 Deum,
660 1429 705 1472 ex
724 1409 811 1472 veris
828 1407 904 1471 fidei
920 1407 974 1470 vel
994 1428 1038 1470 ex
1057 1407 1149 1471 lalsis
1168 1408 1258 1483 fidei,

133 1506 264 1568 amavit
283 1505 475 1586 proximum
494 1503 548 1566 vel
567 1504 646 1566 odio
664 1501 758 1565 illum
777 1503 904 1577 habuit,
924 1511 960 1564 et
979 1521 1100 1583 corpus
1120 1504 1258 1566 materi-

133 1599 190 1662 ale
217 1599 276 1663 luit
303 1600 406 1662 modo
433 1598 637 1671 obedientia,
664 1599 814 1680 sequitur
840 1595 931 1679 quod
959 1615 1065 1670 mens,
1089 1617 1175 1678 quae
1205 1607 1258 1662 est

133 1693 241 1756 homo
271 1693 504 1756 substantialis
534 1702 569 1756 et
599 1702 741 1755 vocatur
767 1692 912 1773 spiritus,
936 1689 1096 1772 judicium
1126 1693 1256 1767 subeat,

133 1804 176 1847 ac
196 1785 380 1848 secundum
400 1787 552 1868 cogitata
574 1794 609 1849 et
632 1783 710 1849 aua
732 1786 822 1849 vitae
845 1805 925 1848 suae
947 1795 1177 1848 remuneretur
1199 1795 1258 1850 aut

133 1881 303 1961 puniatur.
348 1879 405 1942 Ex
424 1881 476 1943 his
494 1880 669 1943 evidenter
688 1889 803 1962 potest
822 1880 964 1962 perspici
980 1879 1069 1962 quod
1086 1878 1256 1960 judicium,

133 1972 228 2056 quod
251 1984 304 2037 est
327 1974 471 2054 cujusvis
494 1974 669 2038 Ecclesiae
689 1975 854 2049 ultimum,
874 1973 933 2037 fiat
955 1975 989 2037 in
1013 1975 1139 2037 mundo
1162 1977 1257 2055 spiri·

133 2067 232 2142 tuali,
252 2088 319 2131 non
338 2081 453 2132 autem
472 2070 505 2131 in
525 2069 652 2131 mundo
671 2069 825 2132 naturali.

201 2178 263 2226 12.
292 2162 457 2243 Judicium
476 2163 567 2246 quod
590 2162 628 2226 fit
651 2184 749 2245 super
768 2182 886 2226 omnes
904 2163 948 2225 ab
970 2161 1127 2226 Ecclesia
1145 2172 1256 2227 trans-

133 2251 224 2330 adia,
244 2255 281 2319 fit
300 2267 439 2338 propter
458 2256 558 2320 finem
578 2267 614 2321 ut
633 2267 704 2320 tam
721 2258 945 2320 communiter
960 2276 1061 2340 quam
1079 2257 1256 2338 singulari·

134 2359 191 2412 ter
209 2361 406 2431 separentur
426 2353 505 2415 boni
528 2373 548 2414 a
571 2351 679 2426 malis,
698 2371 738 2414 ac
762 2362 798 2414 ut
822 2352 902 2415 boni
925 2350 1100 2413 eleventur
1122 2353 1156 2414 in
1180 2372 1256 2416 cae·

134 2443 218 2518 lum,
235 2454 270 2507 et
286 2444 365 2507 mali
382 2445 579 2525 dejiciantur
596 2446 630 2508 in
649 2446 833 2524 infernum;
857 2446 948 2528 quod
967 2446 1029 2507 nisi
1049 2444 1106 2508 liat
1122 2448 1257 2528 quando

134 2537 294 2602 Ecclesia
312 2550 546 2603 consummata
564 2550 628 2614 est,
647 2541 712 2604 hoc
731 2549 795 2614 est,
815 2541 951 2623 quando
970 2560 1038 2603 non
1057 2540 1201 2622 amplius
1220 2544 1254 2604 in

133 2633 224 2696 veris
243 2643 278 2696 et
294 2634 391 2696 bonis
406 2644 470 2708 est,
488 2655 555 2698 non
572 2645 688 2717 potest
704 2635 822 2717 aliquis
837 2635 882 2698 ibi
898 2634 1030 2697 salvari.
1071 2632 1172 2716 Quod
1188 2656 1256 2699 non

134 2728 244 2809 possit
267 2727 389 2790 salvari
416 2737 468 2790 est
495 2730 572 2810 quia
595 2748 663 2791 non
686 2739 801 2810 potest
828 2729 1030 2810 regenerari,
1054 2739 1089 2791 et
1117 2731 1256 2812 quisque

134 2832 355 2903 regeneratur
382 2843 441 2905 per
464 2842 543 2885 vera
565 2821 642 2885 fidei
669 2834 705 2886 et
731 2823 821 2886 bona
843 2825 977 2886 amoris.
1023 2823 1111 2886 Huic
1135 2844 1256 2887 causae

133 2916 270 2979 accedit
292 2917 387 2991 haec,
406 2916 496 2999 quod
519 2937 540 2979 a
562 2925 716 2999 tempore
735 2917 935 2980 vastationis
958 2916 1133 2980 Ecclesiae
1152 2937 1256 2998 usque

133 3010 181 3073 ad
207 3009 276 3091 ejus
303 3011 630 3073 consummationem
658 3020 848 3074 succrescat
873 3010 1037 3073 infernum
1065 3012 1097 3073 in
1121 3020 1255 3075 tantum

134 3114 174 3168 ut
194 3105 354 3185 subtegat
373 3113 485 3167 totum
503 3104 635 3167 caelum
654 3104 856 3186 angelicum,
876 3125 935 3187 per
953 3105 1043 3187 quod
1066 3126 1087 3167 a
1107 3105 1255 3169 Domino

133 3218 217 3262 vera
233 3208 267 3261 et
287 3200 376 3260 bona
391 3199 628 3279 regenerantia
643 3200 687 3262 ad
705 3199 859 3262 homines
875 3198 1004 3262 telluris
1020 3199 1254 3277 descendunt;

134 3313 205 3376 quo
220 3289 368 3367 obtecto,
386 3312 453 3354 non
468 3291 605 3375 aliquod
621 3312 737 3356 verum
752 3293 969 3375 cogitationis
987 3314 1032 3356 ex
1051 3292 1127 3368 lide,
1146 3313 1255 3377 neque

134 3387 262 3450 bonum
281 3384 466 3449 voluntatis
485 3406 530 3449 ex
553 3387 729 3461 charitate,
750 3387 812 3449 nisi
831 3406 930 3469 quam
949 3407 1009 3469 per
1031 3387 1132 3450 rimas
1151 3407 1254 3469 pene·

134 3489 228 3545 trare
250 3489 387 3562 potest3
421 3480 535 3555 immo,
560 3480 651 3563 quod
674 3489 841 3563 penetrat,
858 3480 913 3544 vel
939 3483 972 3543 in
995 3481 1049 3543 via
1071 3491 1253 3564 antequam

134 3577 307 3639 hominem
331 3571 520 3656 pertingit}¹¹
541 3575 596 3638 vel
622 3574 666 3637 ab
688 3576 762 3658 ipso
787 3575 923 3638 homine
946 3575 1025 3637 dum
1051 3576 1084 3638 in
1108 3574 1166 3638 illo
1189 3587 1252 3650 est,

135 3670 358 3752 pervertitur;
382 3668 445 3732 hoc
465 3679 529 3743 est,
545 3690 661 3732 verum
680 3668 734 3732 vel
753 3669 898 3750 rejicitur
917 3668 971 3732 vel
990 3668 1194 3745 falsificatur,
1214 3690 1253 3734 ac

135 3766 262 3828 bonum
285 3762 339 3826 vel
363 3761 609 3826 sufflaminatur
630 3763 685 3826 vel
708 3764 937 3827 adulteratur:
961 3765 1076 3838 verb0,
1097 3763 1253 3828 Ecclesia

134 3860 169 3921 in
193 3857 258 3921 fine
281 3878 341 3920 suo
364 3867 417 3920 est
440 3859 527 3921 sicut
551 3859 690 3921 obsessa
712 3879 733 3921 a
756 3860 903 3936 satanis;
935 3868 1076 3921 satanae
1099 3859 1254 3922 dicuntur

134 3953 191 4035 qui
210 3949 421 4015 delectantur
440 3972 459 4014 a
477 3951 569 4015 falsis
588 3962 623 4015 et
638 3951 865 4033 jucundantur
883 3973 904 4015 a
919 3950 1025 4014 malis.
1070 3951 1121 4016 Ut
1139 3953 1253 4034 itaque

135 4046 253 4110 totalis
281 4046 464 4121 damnatio,
489 4066 575 4129 quae
602 4056 683 4111 tunc
710 4067 809 4129 super
836 4056 937 4128 caput
964 4045 1106 4126 cujusvis
1133 4055 1186 4109 est
1212 4067 1252 4109 ac

134 4140 299 4213 imminet,
323 4139 473 4216 tollatur,
498 4160 674 4205 necessum
701 4150 753 4205 est
781 4150 817 4204 ut
844 4141 1018 4215 infernum,
1042 4140 1131 4223 quod
1159 4160 1195 4203 se
1218 4142 1252 4204 in

133 4234 241 4297 altum
264 4233 411 4310 sustulit,
435 4254 474 4298 ac
502 4245 539 4299 ut
566 4233 691 4299 dictum
719 4235 886 4299 succrevit
913 4254 1017 4318 usque
1042 4235 1085 4296 ad
1109 4233 1251 4310 caelum,

134 4328 286 4402 tollatur,
311 4348 379 4391 non
406 4330 509 4393 modo
532 4329 748 4412 deprimatur,
772 4330 832 4392 sed
855 4329 958 4392 etiam
981 4329 1193 4410 dispergatur
1216 4337 1251 4391 et

134 4420 340 4505 subjugetur,
360 4432 395 4486 et
419 4433 499 4488 tunc
522 4425 602 4487 boni
625 4431 822 4507 separentur
843 4444 865 4486 a
887 4423 994 4499 malis,
1013 4423 1077 4486 hoc
1101 4430 1164 4495 est,
1184 4422 1250 4484 vivi
