2776 5040
144 457 184 504 22
615 456 788 508 CORONIS.

143 624 302 707 quoniam
325 624 538 705 cognitiones
561 626 778 707 praecedent,
798 634 985 709 antequam
1009 628 1135 712 aliquis
1155 638 1246 712 potest

142 720 226 782 scire
242 720 331 801 quod
348 741 406 802 per
420 718 572 782 “mane''
584 720 795 801 intelligatur
810 719 989 786 Ecclesiae
1006 733 1117 799 ortus,
1130 735 1164 788 et
1178 725 1248 807 quod

142 814 230 877 hunc
247 813 428 896 praecedat
445 815 653 896 redemptio;
677 816 766 897 quod
783 836 842 898 per
856 817 1008 890 “diem,”
1021 839 1136 882 novae
1149 818 1249 882 Eccle·

142 909 210 971 siae
241 909 432 990 progressio
458 909 490 970 in
522 906 642 982 lucem,
670 919 705 972 et
732 908 801 990 ejus
827 910 1084 992 intelligentia;
1116 914 1250 995 quodque

142 1022 201 1084 per
218 1002 450 1085 “vesperam’‘
466 1001 552 1065 illius
571 1002 747 1067 Ecclesiae
766 1004 948 1067 declinatio
968 1026 989 1067 a
1008 1007 1107 1070 bono
1125 1018 1160 1071 et
1178 1027 1251 1078 vero,

141 1117 227 1180 quae
251 1107 392 1160 vocatur
414 1098 582 1175 vastatio;
615 1107 650 1160 et
673 1099 764 1181 quod
791 1119 850 1180 per
873 1096 1078 1175 “nostem”
1100 1102 1171 1184 ejus
1194 1098 1252 1164 linis

142 1211 181 1254 ac
197 1193 362 1266 interitus,
380 1187 461 1274 qui¹¹¹
477 1201 618 1254 vocatur
633 1194 901 1256 consummatio:
926 1202 961 1256 et
979 1195 1028 1258 sic
1046 1216 1161 1277 porro.

204 1303 248 1367 9.
276 1286 368 1348 Finis
380 1285 566 1361 Ecclesiae,
579 1306 637 1349 seu
649 1288 898 1351 consummatio
910 1288 1050 1362 saeculi,
1066 1301 1123 1354 est
1136 1290 1254 1374 quando

142 1400 209 1444 non
226 1380 361 1463 aliquod
377 1381 559 1461 genuinum
574 1401 690 1443 verum
706 1391 741 1444 et
757 1381 835 1444 inde
848 1401 915 1445 non
929 1380 1071 1464 aliquod
1085 1388 1252 1466 genuinum

141 1477 277 1548 bonum,
298 1485 355 1538 aut
379 1476 458 1537 dum
482 1494 550 1536 non
573 1475 709 1558 aliquod
732 1477 858 1539 bonum
881 1486 916 1539 et
939 1477 1021 1540 inde
1046 1499 1120 1542 non
1142 1499 1253 1551 verum,

141 1580 313 1653 superest;
337 1570 396 1631 sed
417 1570 492 1632 loco
511 1568 642 1632 illorum
661 1570 781 1633 falsum
800 1580 835 1633 et
857 1570 935 1633 inde
954 1571 1099 1647 malum,
1119 1583 1178 1638 aut
1195 1594 1253 1637 ma·

141 1665 209 1728 lum
229 1676 264 1728 et
287 1664 365 1727 inde
383 1664 513 1737 falsum,
534 1674 679 1745 regnat;
703 1675 738 1728 et
758 1675 838 1729 tunc
857 1674 910 1728 est
931 1665 1146 1746 “plenitudo
1166 1667 1253 1750 [tem-

141 1760 244 1842 poris]
255 1760 270 1784 '’
300 1762 333 1822 in
365 1759 529 1833 Ecclesia,
566 1758 613 1841 [in
644 1780 710 1842 qua
739 1758 832 1842 sunt]
865 1761 952 1823 sicut
982 1761 1253 1827 ambulantesin

141 1853 251 1928 nodie,
276 1856 329 1936 qui
356 1856 433 1936 quia
461 1874 528 1916 non
555 1854 672 1916 vident
699 1855 876 1937 quicquam
903 1855 995 1937 quod
1023 1857 1058 1919 in
1087 1856 1165 1921 luce
1185 1858 1253 1922 solis

139 1960 291 2032 apparet,
311 1950 487 2030 ambigunt
511 1949 553 2011 de
576 1949 731 2012 omnibus
749 1970 835 2031 quae
858 1949 1038 2013 Ecclesiae
1062 1963 1155 2029 sunt,
1175 1964 1207 2017 et
1226 1954 1252 2015 in

139 2045 308 2110 communi
336 2045 378 2106 de
406 2044 490 2116 Deo,
515 2043 557 2106 de
581 2042 686 2107 Caelo
709 2053 744 2107 et
771 2043 917 2117 Inserno,
942 2044 1056 2126 deque
1079 2046 1166 2110 Vita
1187 2058 1252 2129 post

140 2150 306 2216 mortem;
330 2148 365 2201 et
385 2137 431 2200 illi
450 2139 504 2219 qui
525 2157 561 2200 se
579 2136 781 2201 confirmant
804 2139 837 2200 in
854 2139 1042 2219 negatione
1061 2139 1206 2215 illorum,
1223 2153 1251 2204 et

139 2236 187 2298 illi
217 2235 272 2317 qui
302 2234 443 2296 haerent
471 2233 634 2313 ancipites
661 2233 693 2295 in
721 2231 933 2295 dubitatione
960 2243 995 2295 et
1024 2233 1250 2307 affirmatione,

139 2328 222 2392 fiunt
246 2327 399 2407 lucifugi;
430 2336 465 2389 et
488 2328 515 2389 si
538 2326 688 2389 flamInes
712 2337 800 2401 sunt,
820 2336 1021 2408 comparant
1046 2329 1090 2392 de
1113 2330 1180 2393 illis
1200 2331 1252 2393 sibi

139 2424 248 2488 lucem
267 2423 403 2494 fatuam,
423 2421 530 2503 qualis
550 2432 602 2484 est
623 2419 763 2495 nod'tuis,
783 2421 902 2484 felibus
918 2432 953 2484 et
978 2424 1131 2486 muribus
1154 2425 1186 2488 in
1208 2426 1249 2488 di·

139 2539 240 2581 urnae
260 2518 341 2579 lucis
365 2517 531 2592 tenebris;
565 2517 647 2578 haec
672 2515 730 2579 lux
755 2517 843 2597 apud
866 2517 953 2591 illos,
974 2519 1063 2581 sicut
1088 2521 1176 2601 apud
1198 2521 1249 2583 has

138 2615 233 2687 seras,
254 2633 312 2693 per
331 2609 523 2674 adtivitates
543 2612 889 2691 concupiscentiarum
909 2614 1095 2675 excitatur.

198 2815 266 2863 10.
295 2799 356 2871 (ir.)
382 2797 467 2866 auor
475 2802 547 2876 post
559 2796 647 2877 hujus
661 2796 950 2859 Consummutr'onem
961 2816 1020 2859 ssu
1034 2798 1150 2872 finem,
1162 2800 1250 2863 Domi·

137 2909 195 2951 nus
209 2888 333 2951 dahorih
355 2893 513 2967 apparent,
530 2892 563 2947 at
583 2886 684 2948 faciut
701 2887 853 2949 «Iudicium
874 2905 970 2967 supet·
989 2887 1128 2953 homiues
1145 2891 1249 2970 prioris

137 2980 308 3049 Ecclesiae,
322 2998 361 3039 ue
374 2982 502 3057 separet
514 2978 607 3038 bonos
622 2997 641 3037 n
655 2978 755 3049 mulr's,
768 2983 801 3039 at
814 2977 906 3038 bonos
921 2976 962 3037 od
973 2977 1014 3039 Se
1027 2980 1130 3042 elevet
1141 2981 1171 3042 in
1181 2981 1249 3043 Cno-

136 3071 207 3140 lum,
224 3075 256 3130 st
274 3070 371 3130 mulos
394 3088 412 3128 n
433 3068 474 3129 So
492 3073 650 3128 remorant
668 3067 698 3127 in
719 3067 1028 3148 internum-Quod
1048 3073 1138 3135 circa
1157 3073 1247 3135 finem

136 3161 278 3240 cujusvis
295 3159 470 3222 Ecclesiae
487 3160 650 3221 Dominus
662 3159 804 3239 Jehovih
819 3175 992 3241 appareat,
1007 3165 1050 3226 ad
1068 3165 1246 3229 faciendum

133 3254 291 3336 judicium
315 3275 413 3336 super
432 3253 506 3315 illos
526 3255 580 3335 qui
604 3255 646 3315 ab
670 3255 912 3317 instauratione
935 3255 1006 3335 ejus
1030 3260 1073 3320 ad
1099 3280 1245 3323 consum·

137 3351 320 3412 mationem
344 3349 412 3429 ejus
433 3350 600 3420 vixerunt,
621 3345 870 3410 confirmabitur
892 3349 924 3410 in
949 3354 1180 3433 sequentibus,
1199 3356 1246 3416 ubi

135 3443 329 3524 singulatim
357 3444 398 3505 de
426 3444 608 3523 unaquavis
637 3452 825 3523 peragetur.
884 3442 1127 3529 Unusquisque
1153 3451 1245 3515 homo

135 3539 269 3620 quidem
289 3548 366 3618 post
383 3547 527 3598 mortem
541 3536 727 3616 judicatur;
751 3537 810 3598 sed
831 3537 862 3597 in
879 3536 945 3600 fine
961 3538 1032 3618 ejus
1049 3543 1245 3624 colliguntur

135 3652 262 3704 omnes,
281 3642 314 3694 et
334 3652 432 3712 super
449 3631 523 3692 illos
540 3650 718 3693 commune
730 3630 888 3711 judicium
908 3630 965 3709 fit;
989 3645 1025 3696 et
1046 3636 1133 3700 hanc
1153 3657 1243 3719 prop·

135 3735 187 3787 ter
210 3745 355 3796 causam,
380 3727 472 3788 utin
497 3724 680 3787 caelestem
704 3725 855 3787 ordinem
879 3726 1139 3809 conjungantur,
1163 3730 1241 3813 quod

136 3818 202 3901 [fit]
229 3840 286 3901 per
309 3820 554 3882 ordinationem
578 3819 724 3881 fidelium
747 3821 779 3881 in
804 3840 926 3881 novum
951 3823 1095 3898 caelum,
1118 3845 1156 3888 ac
1179 3823 1240 3887 infi-

134 3913 258 3976 delium
278 3914 339 3974 sub
358 3912 415 3974 illo
438 3914 470 3975 in
495 3932 617 3976 novum
638 3913 812 3988 infernum,
832 3914 874 3976 de
894 3935 959 3995 qua
983 3919 1194 3981 ordinatione
1213 3919 1239 3978 in

134 4019 296 4090 sequente
316 4008 457 4071 articulo
476 4009 690 4088 transigetur.

197 4116 258 4165 11.
287 4101 463 4182 Judicium,
494 4103 584 4185 quod
618 4111 670 4164 est
703 4100 846 4181 cujusvis
875 4101 1053 4166 Ecclesiae
1084 4105 1238 4175 ultimum,

134 4216 200 4258 non
220 4196 256 4258 fit
276 4197 309 4258 in
326 4197 451 4258 mundo
467 4196 621 4269 naturali,
639 4197 699 4257 sed
716 4197 749 4258 in
767 4197 891 4259 mundo
907 4199 1082 4278 spirituali,
1099 4201 1134 4261 in
1150 4217 1238 4280 quem

133 4310 250 4353 omnes
269 4301 347 4372 post
368 4302 511 4354 mortem
531 4290 755 4372 colliguntur;
790 4301 825 4354 ct
849 4290 1055 4372 colliguntur
1078 4295 1111 4356 in
1136 4293 1237 4356 caelos

133 4383 291 4449 distincte
325 4386 508 4448 secundum
542 4385 749 4466 religionem,
782 4387 829 4449 ita
862 4388 1048 4448 secundum
1083 4387 1181 4450 fidem
1209 4396 1236 4447 et
