2776 5040
146 435 185 503 16
615 449 788 502 cononis.

142 617 243 704 Quod
260 618 426 684 Dominus
441 618 572 684 dicatur
588 619 748 696 “Petra''
763 629 902 685 constat
917 642 964 684 ex
980 622 1037 685 his
1051 624 1088 686 in
1106 622 1232 687 Verbo:

191 776 209 799 ‘¹
216 769 312 825 cnmffl
319 774 426 836 pinguls
438 769 525 823 nctus
536 783 578 822 est
587 771 729 838 Jesburun,
738 775 914 824 recalcitravit
924 789 946 830 ς.
956 812 963 824 .
974 812 981 824 .
992 786 1037 826 ,ει
1047 776 1168 826 deseruit
1178 776 1250 827 Deum

270 840 314 904 qui
331 839 395 889 iecit
406 853 475 899 eum,
489 848 517 889 et
534 839 674 903 vilipendit
693 839 799 889 Petram
811 841 905 890 salutis
919 837 1032 890 suaestP’
1047 842 1155 902 (ΟΜ.
1165 837 1253 892 mill

191 903 505 1045 ¹·Dul13b25123f21'oeur.
520 969 585 1019 mihi
597 969 686 1018 locuta
696 978 738 1019 est
751 970 829 1020 Petra
843 969 951 1021 Israelis
959 971 974 991 ”
986 971 1013 1032 (2
1027 973 1103 1023 San.
1115 974 1190 1023 xxiii
1200 973 1236 1033 sl:

191 1034 276 1085 “Sint
294 1034 320 1084 ln
337 1031 560 1098 beneplacitumffl
571 1049 711 1085 sermones
724 1037 777 1085 oris
791 1037 843 1085 mei
845 1073 929 1090 .....
940 1035 1098 1102 Jehovahlss
1112 1039 1193 1088 Petra
1203 1051 1255 1087 mer

269 1109 297 1149 et
309 1098 473 1161 Redemptor
483 1114 559 1149 meus
567 1099 582 1120 ”
593 1099 703 1158 (Psalm.
715 1103 768 1152 xix.
782 1113 811 1161 15
826 1099 926 1166 [Billia
936 1103 1061 1166 Anglica.
1076 1100 1150 1167 tall:

190 1167 209 1190 a·
217 1161 279 1216 Etssl
287 1165 417 1215 recordati
422 1172 496 1280 ‚sussts
495 1165 578 1279 aqlt't'pdl
580 1164 663 1280 iffi
672 1165 753 1293 Psetss
760 1181 862 1258 eorum,
871 1176 899 1217 et
910 1166 984 1217 Deus
993 1169 1121 1219 excelsus
1132 1169 1254 1231 Redemp-

190 1297 208 1321 “
218 1232 609 1410 Bibdobrariibumnnegsseundem]
620 1311 633 1345 s
653 1244 784 1345 inttialer'n
795 1307 896 1359 potum,
907 1297 1039 1347 bibebant
1051 1299 1129 1347 enim
1142 1314 1176 1348 ex
1186 1298 1254 1362 spiri·

269 1360 333 1411 tuell
347 1360 442 1420 Petra;
484 1370 542 1410 etra
553 1370 610 1410 erat
646 1361 765 1411 hristus''
775 1363 799 1424 (1
812 1362 866 1413 Cor.
877 1377 903 1412 x„
914 1376 931 1422 4
943 1376 949 1421 ;
967 1364 1056 1414 ΕΜ.
1067 1365 1135 1414 xvii.
1146 1366 1181 1425 ot

139 1510 196 1576 Ex
222 1508 275 1575 his
300 1530 388 1574 nunc
416 1509 594 1574 manifeste
629 1520 726 1593 patet
752 1511 842 1595 quod
875 1532 935 1595 per
965 1512 1180 1595 “lapidem''
1206 1513 1255 1597 qui

138 1606 303 1690 percussit
326 1614 487 1679 statuam,
507 1615 542 1668 et
571 1602 679 1669 lacius
701 1606 734 1668 in
761 1616 893 1689 petram
917 1626 1082 1689 magnam
1107 1599 1255 1691 implevit

138 1710 251 1766 totam
270 1708 406 1773 terram,
427 1708 462 1762 et
485 1697 578 1780 cujus
596 1718 738 1781 regnum
757 1701 862 1762 stabit
886 1701 919 1763 in
942 1701 1082 1764 saecula
1105 1701 1254 1766 saeculo·

138 1815 222 1871 rum,
241 1792 453 1874 intelligatur
472 1793 638 1856 Dominus
657 1803 773 1857 noster
789 1793 886 1874 Jesus
905 1792 1072 1858 Christus.

200 1904 243 1972 3.
273 1886 424 1951 Eaedem
440 1896 585 1969 quatuor
600 1885 776 1950 Ecclesiae
794 1889 828 1952 in
845 1888 908 1950 hac
925 1886 1049 1951 tellure
1066 1889 1254 1972 descriptae

137 1995 216 2049 sunt
232 2005 291 2067 per
303 1991 447 2065 quatuor
459 1981 614 2044 “bestias
622 1979 637 2006 ”
649 2001 694 2044 ex
710 1982 793 2045 mari
805 1992 1035 2065 assurgentes,
1047 1984 1140 2066 apud
1152 1983 1254 2048 Dani·

136 2079 226 2156 elem,
246 2078 289 2141 de
307 2076 426 2160 quibus
445 2074 529 2138 haec
549 2075 612 2139 ibi:

187 2224 278 2277 Prima
289 2225 348 2274 risa
358 2232 400 2273 est
414 2224 431 2247 ⁴¹
440 2223 508 2272 sicut
520 2221 572 2280 leo,
586 2222 634 2272 sed
650 2222 709 2271 alae
726 2224 830 2287 aquilae
842 2224 897 2274 illi:
915 2223 1012 2274 videns
1023 2223 1072 2283 lui,
1087 2226 1178 2276 donec
1187 2227 1255 2276 evul-

268 2305 314 2340 rae
331 2299 395 2340 sunt
411 2289 470 2338 alae
488 2287 564 2350 ejus;
591 2297 617 2337 et
634 2288 739 2337 sublate
755 2299 797 2338 est
813 2303 829 2337 e
846 2298 924 2345 terra,
938 2298 966 2337 et
983 2304 1067 2353 super
1085 2292 1178 2353 pedes,
1192 2293 1255 2341 sicut

268 2356 350 2405 homo
367 2351 464 2410 erecta.
478 2363 505 2402 et
523 2368 568 2402 cor
585 2352 702 2402 bominis
719 2354 810 2402 datum
828 2354 861 2403 ei.
899 2353 1003 2403 Deinde
1021 2369 1084 2404 ecce
1103 2357 1191 2406 bestia
1206 2356 1255 2405 alia

267 2420 392 2477 munda,
405 2419 499 2468 similis
512 2433 583 2475 urso.
592 2429 619 2467 et
628 2418 662 2467 ad
674 2418 743 2467 latus
755 2433 837 2467 unum
847 2420 930 2467 erexit
943 2434 988 2476 se;
1007 2431 1087 2470 erant
1100 2431 1155 2470 tres
1167 2432 1253 2471 costae

268 2485 294 2534 in
313 2500 359 2533 ore
377 2485 434 2546 ejus
453 2485 522 2533 inter
533 2486 645 2540 dentes;
671 2485 779 2545 insuper
796 2485 833 2532 sic
851 2485 971 2533 dicentes
987 2485 1022 2542 ei,
1038 2485 1133 2547 Surge.
1148 2487 1254 2537 comede

267 2565 373 2599 carnem
388 2551 506 2598 multam.
545 2550 609 2597 Post
627 2550 692 2598 haec
704 2550 798 2597 videns
812 2550 858 2605 lui,
872 2561 899 2597 et
910 2565 970 2598 ecce
982 2552 1044 2607 alia,
1059 2553 1131 2600 sicut
1149 2553 1251 2614 pardus.

267 2616 309 2664 cui
330 2616 387 2663 alae
409 2624 529 2677 quatuor,
550 2616 641 2677 quales
662 2616 764 2670 avibus,
785 2629 866 2676 super
886 2625 961 2676 tergo
979 2615 1068 2673 illius;
1096 2628 1125 2665 et
1145 2628 1253 2680 quatuor

267 2682 355 2743 capita
368 2680 483 2733 bestiae;
501 2680 700 2742 dominiumque
712 2681 803 2728 datum
817 2691 857 2728 cst
875 2680 920 2728 illi.
959 2680 1025 2729 Post
1043 2682 1095 2729 hoc
1109 2682 1204 2731 videns
1218 2682 1253 2731 rui

268 2747 294 2794 in
309 2746 457 2793 visionibus
468 2742 562 2800 noblis,
575 2754 601 2792 et
613 2759 672 2792 ecce
683 2746 768 2793 bestia
777 2756 878 2808 quarta,
890 2745 1016 2793 terribilis
1029 2758 1055 2794 et
1067 2747 1251 2804 formidabilis,

267 2822 293 2859 et
312 2812 420 2859 robusta
432 2811 517 2865 valde,
532 2809 573 2856 cui
591 2810 684 2857 dentes
698 2809 759 2857 ierri
777 2811 876 2870 magni,
891 2811 1006 2858 comedit
1021 2822 1049 2859 et
1066 2814 1203 2868 contrivit,
1216 2827 1253 2860 re·

268 2877 419 2940 liquumque
438 2876 549 2936 pedibus
561 2875 616 2921 suis
629 2876 809 2923 conculcavit:
828 2884 885 2923 erat
896 2886 984 2922 autem
997 2876 1108 2925 diversa
1126 2880 1161 2925 ab
1172 2877 1253 2926 omni-

267 2944 316 2989 bus
329 2941 421 2989 bestiis
434 2955 501 3002 quae
513 2949 575 2987 ante
589 2939 670 2993 illam,
684 2949 710 2986 et
723 2941 815 2988 decem
828 2955 928 2988 cornua
940 2941 985 2989 illi.
1024 2978 1030 2988 .
1045 2978 1050 2990 .
1064 2979 1071 2990 .
1084 2979 1091 2990 .
1104 2943 1206 2991 Videas
1217 2942 1251 2991 fui

266 3021 349 3069 usque
362 3007 425 3053 dum
439 3005 526 3053 throni
539 3002 650 3065 projecti
664 3015 734 3059 sunt,
746 3016 772 3053 et
785 3006 917 3067 Antiquus
932 3005 1041 3053 Dierum
1055 3008 1127 3057 sedit
1138 3022 1143 3066 ;
1155 3045 1161 3056 .
1173 3045 1180 3058 .
1193 3045 1199 3056 .
1211 3045 1217 3057 .
1227 3017 1252 3055 et

266 3072 392 3134 judicium
406 3070 536 3125 consedit,
548 3079 574 3117 et
587 3069 645 3117 libri
657 3071 741 3131 aperti
754 3081 824 3118 sunt.
862 3108 868 3118 .
881 3107 887 3118 .
900 3108 906 3118 .
920 3108 925 3118 .
940 3070 972 3118 Et
983 3085 1054 3127 ecce,
1067 3086 1129 3120 curn
1143 3074 1251 3121 nubibus

266 3139 398 3185 caelorum
417 3137 484 3184 sicut
504 3134 584 3183 Filius
605 3133 730 3183 Hominis
748 3137 859 3183 veniens
876 3135 977 3188 iuit:..
991 3148 1055 3184 ..et
1076 3137 1148 3186 lluic
1164 3140 1250 3186 datum

266 3213 307 3250 est
319 3202 477 3256 dominium,
492 3211 518 3248 et
535 3199 628 3261 gloria,
642 3211 669 3248 et
687 3215 807 3261 regnum,
822 3197 1101 3262 u11¹10mnespopu1i,
1116 3214 1210 3265 gentes
1226 3212 1250 3250 et

266 3267 372 3329 linguae
387 3266 478 3328 Ipsum
491 3265 625 3321 colerent;
643 3266 790 3313 dominium
805 3265 892 3327 Ipsius
904 3267 1054 3314 dominium
1068 3270 1170 3316 saeculi
1182 3268 1248 3332 quod

266 3348 320 3380 non
340 3331 470 3386 transibit,
485 3341 511 3379 et
529 3344 641 3391 regnum
661 3330 748 3392 lpsius
765 3332 836 3393 quod
855 3346 908 3379 non
927 3332 1046 3393 peribit''
1058 3333 1129 3395 (cap,
1140 3336 1184 3382 vii.
1196 3344 1247 3393 3-7‚

265 3413 289 3461 9,
301 3394 368 3463 [10,]
382 3410 419 3457 13,
434 3409 471 3455 rr,
483 3396 559 3458 sen).

136 3539 236 3622 Quod
254 3560 312 3622 per
324 3539 386 3601 has
400 3544 420 3569 ‘⁴
429 3538 556 3600 bestias
564 3537 579 3559 ”
592 3536 745 3599 similiter
757 3548 900 3617 quatuor
912 3537 990 3599 illae
1007 3538 1188 3601 Ecclesiae
1203 3541 1248 3601 in·

135 3632 295 3697 tellcdtne
318 3644 352 3696 et
380 3634 571 3713 descriptae
594 3632 672 3701 sint,
697 3641 793 3711 patet
816 3651 835 3691 a
862 3631 1002 3711 singulis
1026 3633 1083 3703 ibi,
1106 3654 1194 3714 quae
1218 3634 1248 3694 in

135 3728 352 3810 sequentibus
370 3729 403 3789 in
423 3747 484 3788 suo
503 3725 619 3787 ordine
639 3723 857 3799 evolventur;
886 3728 1083 3806 praeprimis
1106 3728 1152 3788 ab
1175 3727 1247 3789 ulti·

135 3823 198 3884 mis
217 3822 271 3889 ibi.
289 3821 377 3901 quod
401 3830 478 3901 post
499 3830 642 3900 quatuor
660 3817 735 3880 illas
754 3818 880 3880 bestias
898 3830 1062 3880 venturus
1080 3821 1124 3882 sit
1151 3821 1248 3883 Filius

136 3915 303 3985 Hominis.
321 3915 372 3976 cui
388 3914 523 3975 <labitur
538 3913 722 3974 dominium
738 3923 772 3974 et
790 3931 930 3992 regnum
947 3914 1036 3992 quod
1055 3935 1124 3975 non
1141 3928 1247 3977 trans·

134 4011 194 4072 ibit
217 4020 252 4072 et
276 4008 416 4090 peribit:
450 4009 505 4088 qui
528 4007 618 4088 quod
641 4008 744 4069 etiam
768 4003 960 4070 intellectus
981 4009 1026 4069 sit
1054 4005 1248 4090 per“Lapi·

134 4102 235 4166 dem”
257 4100 381 4164 iactum
410 4101 442 4162 in
465 4101 627 4164 “Petram
651 4119 811 4181 magnam
841 4121 927 4182 quae
953 4102 1109 4183 implebit
1140 4115 1247 4165 totam

133 4197 288 4263 terram.''
304 4195 457 4257 videatur
476 4215 574 4276 supra
596 4195 642 4274 (n.
660 4211 677 4256 2
695 4193 776 4256 lini.
822 4193 922 4273 Quod
942 4207 1053 4256 status
1074 4196 1248 4259 Ecclesiae

133 4290 287 4353 similiter
309 4310 368 4371 per
391 4288 514 4349 deseror
532 4289 816 4370 quemadmodum
840 4309 899 4368 per
922 4288 1057 4349 metalla
1080 4292 1114 4351 in
1134 4289 1247 4352 Verbo

133 4385 377 4455 describantur,
402 4392 540 4444 constat
566 4403 611 4445 ex
638 4384 819 4443 innumeris
846 4381 940 4453 locis,
968 4402 1111 4462 quorum
1137 4383 1246 4465 aliqua
