2776 5040
324 519 374 571 ετ
396 519 479 587 ε]υε
501 518 700 574 uocrnuun
720 520 994 573 cnsursrn-u.
1016 508 1064 590 38.
1211 519 1250 591 35

655 994 738 1081 [nn]

194 1235 268 1310 DE
304 1236 540 1313 INTERNO
580 1237 647 1311 ET
680 1238 937 1312 EXTERNO
976 1237 1203 1312 HOMINE.

296 1626 401 1692 ΟΜΟ
419 1629 468 1694 ita
486 1639 620 1694 creatus
638 1639 692 1694 est
714 1640 752 1695 ut
771 1629 870 1693 simul
889 1631 932 1694 sit
956 1631 989 1694 in
1012 1629 1139 1694 mundo
1157 1630 1253 1712 spiri·

325 1723 409 1787 tuali
432 1732 467 1787 et
493 1724 526 1787 in
550 1725 677 1787 mundo
700 1724 855 1787 naturali.
902 1724 1049 1787 Mundus
1071 1724 1254 1808 spiritualis

325 1827 379 1881 est
395 1818 449 1881 ubi
466 1827 546 1882 sunt
564 1818 687 1900 angeli,
705 1828 741 1883 et
760 1819 903 1881 mundus
921 1820 1082 1882 naturalis
1102 1820 1158 1882 ubi
1173 1829 1254 1883 sunt

326 1912 491 1975 homines.
547 1911 594 1976 Et
621 1914 698 1995 quia
723 1913 828 1976 homo
851 1914 900 1976 ita
927 1922 1061 1976 creatus
1088 1924 1153 1989 est,
1177 1913 1255 1977 ideo

139 2006 258 2069 datum
275 2016 328 2070 est
344 2006 374 2068 ei
391 2006 560 2067 internum
573 2015 608 2068 et
624 2015 826 2084 externum;
848 2007 1018 2069 internum
1033 2027 1092 2088 per
1104 2006 1194 2088 quod
1210 2007 1255 2070 sit

138 2101 172 2163 in
190 2101 317 2163 mundo
333 2097 509 2180 spirituali,
523 2108 705 2161 externum
721 2119 780 2181 per
795 2101 884 2182 quod
901 2101 944 2162 sit
961 2101 994 2161 in
1011 2101 1137 2162 mundo
1153 2110 1254 2163 natu·

139 2193 211 2257 rali.
257 2194 433 2256 Internum
459 2191 530 2272 ejus
556 2202 610 2256 est
633 2193 724 2276 quod
746 2204 887 2257 vocatur
909 2195 1061 2258 internus
1084 2194 1199 2270 homo,
1218 2204 1255 2259 et

139 2298 323 2352 externum
342 2286 432 2368 quod
451 2295 594 2350 vocatur
612 2296 776 2351 externus
795 2288 908 2351 homo.

198 2397 267 2466 37·
295 2382 487 2465 Unicuique
505 2383 636 2445 homini
657 2393 712 2446 est
729 2384 899 2447 internum
921 2393 958 2448 et
979 2395 1174 2459 externum,
1193 2385 1254 2448 sed

139 2474 240 2539 aliter
258 2475 346 2556 apud
370 2474 479 2537 bonos
501 2484 537 2537 et
560 2473 659 2538 aliter
681 2475 769 2557 apud
793 2477 911 2539 malos.
967 2476 1142 2539 Internum
1165 2477 1255 2557 apud

139 2569 250 2632 bonos
268 2578 322 2631 est
341 2568 374 2630 in
395 2568 492 2631 caelo
510 2578 546 2631 ει
565 2567 636 2649 ejus
653 2569 737 2641 luce,
754 2580 790 2633 et
813 2581 993 2633 externum
1017 2571 1050 2633 in
1070 2570 1197 2633 mundo
1219 2581 1255 2634 et

140 2663 211 2744 ejus
230 2662 324 2739 luce;
348 2672 384 2726 et
407 2662 490 2726 haec
514 2661 574 2726 lux
594 2663 682 2744 apud
702 2662 778 2725 iilos
797 2661 1005 2725 illuminatur
1023 2682 1043 2723 a
1063 2661 1138 2725 luce
1156 2662 1254 2736 caeli,

141 2767 176 2821 et
195 2758 243 2820 sic
263 2757 352 2838 apud
372 2756 449 2820 illos
468 2757 637 2819 internum
653 2766 689 2820 et
708 2766 890 2820 externum
910 2775 1011 2818 unum
1031 2765 1150 2836 agunt,
1167 2757 1255 2821 sicut

141 2870 243 2913 causa
258 2849 408 2914 efficiens
427 2860 461 2913 et
478 2849 626 2924 effeetus,
644 2870 702 2914 seu
721 2851 808 2914 sicut
827 2852 916 2932 prius
932 2859 968 2913 et
985 2850 1163 2932 posterius.
1204 2849 1255 2915 At

142 2944 231 3026 apud
255 2942 364 3006 malos
387 2945 557 3007 internum
581 2954 634 3007 est
658 2945 691 3006 in
712 2944 838 3007 mundo
857 2954 892 3008 et
911 2946 944 3006 in
968 2942 1038 3024 ejus
1057 2944 1143 3018 luce,
1163 2963 1202 3006 ac
1222 2945 1256 3007 in

143 3038 263 3101 eadem
285 3038 390 3102 etiam
412 3047 616 3115 externum;
640 3048 847 3120 quapropter
871 3038 952 3100 nihii
971 3037 1090 3100 vident
1112 3058 1157 3101 ex
1180 3037 1256 3101 luce

144 3131 239 3206 caeli,
256 3131 317 3194 sed
334 3131 443 3193 solum
459 3151 505 3193 ex
522 3130 597 3194 luce
612 3132 739 3204 mundi,
763 3151 849 3212 quae
866 3130 924 3193 lux
944 3129 1015 3213 [ab]
1033 3130 1099 3193 illis
1114 3140 1257 3194 vocatur

145 3223 257 3288 lumen
281 3223 452 3289 Naturae:
476 3226 556 3289 inde
578 3234 632 3289 est
655 3225 745 3308 quod
768 3224 827 3288 illa
849 3246 935 3308 quae
958 3225 1043 3287 caeli
1066 3235 1145 3288 sunt
1164 3225 1203 3287 iis
1222 3226 1256 3287 in

144 3317 290 3399 caligine
308 3319 387 3391 sint,
407 3327 443 3382 et
465 3338 552 3400 quae
575 3318 690 3381 mundi
713 3327 793 3381 sunt
816 3320 849 3380 in
873 3319 957 3381 luce.
1002 3317 1059 3380 Ex
1082 3318 1134 3381 his
1158 3327 1256 3399 patet

142 3411 233 3495 quod
252 3412 350 3474 bonis
372 3412 417 3474 sit
441 3412 594 3475 internus
613 3411 717 3475 homo
736 3421 772 3474 ει
791 3421 955 3474 externus
974 3411 1088 3485 homo,
1109 3422 1145 3475 at
1164 3411 1256 3494 quod

142 3505 240 3568 maiis
260 3524 329 3568 non
347 3507 391 3569 sit
410 3507 563 3569 internus
581 3505 686 3570 homo
704 3506 765 3569 sed
783 3504 893 3567 solum
910 3513 1083 3567 externus.

198 3600 272 3683 38·
301 3601 462 3665 Internus
483 3601 589 3664 horno
610 3611 664 3664 est
686 3601 743 3683 qui
764 3611 908 3664 vocatur
930 3601 1116 3682 spiritualis
1139 3601 1255 3678 homo,

138 3696 219 3778 quia
237 3703 291 3757 εει
308 3694 341 3756 in
358 3693 432 3756 luce
447 3694 544 3768 caeli,
561 3712 647 3776 quae
664 3693 723 3755 lux
742 3703 796 3756 εει
812 3693 1015 3774 spiritualis;
1039 3704 1073 3757 et
1092 3703 1257 3758 externus

136 3787 247 3852 homo
271 3797 325 3851 est
351 3788 408 3869 qui
434 3797 576 3851 vocatur
603 3786 767 3849 naturalis
795 3786 909 3861 horno,
934 3789 1011 3868 quia
1037 3797 1091 3851 est
1121 3789 1154 3850 in
1182 3787 1257 3851 luce

136 3882 270 3956 mundi,
290 3901 377 3964 quae
396 3880 456 3943 lux
472 3889 526 3944 εει
546 3879 718 3973 naturalis.
764 3879 879 3943 Homo
898 3881 991 3962 cujus
1010 3882 1180 3945 internum
1203 3891 1257 3946 est

132 3975 173 4039 in
191 3975 267 4040 luce
283 3975 370 4039 caeli
385 3983 421 4038 et
434 3984 614 4039 externum
633 3974 666 4036 in
683 3973 758 4037 luce
771 3975 897 4048 mundi,
910 3976 938 4038 is
954 3975 1136 4056 spiritualis
1153 3975 1258 4039 horno

133 4079 196 4134 est
220 4068 334 4152 quoad
357 4078 556 4151 utrumque;
584 4076 620 4130 at
642 4066 746 4130 homo
764 4067 857 4148 cujus
875 4069 1044 4130 internum
1064 4088 1132 4130 non
1151 4078 1204 4131 est
1223 4069 1257 4131 in

133 4161 218 4228 luce
231 4161 328 4235 caeli,
343 4161 405 4224 sed
420 4161 531 4225 solum
546 4162 579 4223 in
596 4160 671 4225 luce
683 4160 798 4224 mundi
814 4162 927 4242 inquo
943 4162 1046 4223 etiam
1063 4171 1256 4236 externum,

131 4256 168 4320 is
188 4255 353 4321 naturalis
373 4255 478 4318 homo
499 4265 553 4319 est
572 4256 684 4337 quoad
707 4265 895 4337 utrumque.
940 4253 1130 4336 Spiritualis
1153 4255 1258 4318 horno

133 4360 195 4415 est
217 4351 272 4434 qui
296 4351 329 4413 in
349 4348 467 4412 Verbo
485 4359 627 4412 vocatur
647 4348 799 4424 “vivus’'
814 4358 851 4411 at
875 4347 1039 4411 naturalis
1068 4347 1172 4411 homo
1201 4349 1258 4431 qui

132 4455 283 4509 vocatur
303 4441 516 4506 “mortuus’'
