2776 5040
423 489 603 555 Quaruon
626 490 923 544 accessum-ts.
940 494 969 561 3.

132 658 308 722 duntaxat
326 657 379 723 hic
398 658 574 735 adducam,
592 678 678 743 quae
696 669 794 723 sunt:

185 808 204 830 ⁸·
214 805 338 855 Pluviam
350 806 597 856 benevolentiamm
610 807 710 856 stillare
726 802 1074 867 tacts111....haeredltatem
1087 805 1254 855 laborantem

268 882 341 920 tuam
349 872 519 921 confirmabis
529 886 535 929 ;
551 873 636 922 bestia
643 871 657 891 ”
665 881 758 921 coetus
766 881 827 923 tuus
837 873 1020 922 “habitabunt
1028 871 1057 921 in
1066 870 1134 921 illa”
1142 869 1253 933 (Psalm.

267 936 350 985 lxviii.
365 949 445 994 10,11
461 933 506 1000 [B.
518 940 553 985 Α.
565 952 588 1000 9,
603 934 671 1001 10]);

186 1003 283 1054 “Mihi
301 1005 390 1053 omnis
407 1003 465 1053 iera
476 1004 577 1068 sylvae,
591 1001 719 1053 bestiaeffl
731 1004 758 1052 ln
770 1004 907 1054 montibus
919 1005 1031 1054 millium
1042 1018 1049 1063 ς
1066 1005 1131 1054 novi
1143 1019 1252 1054 omnem

267 1084 345 1118 avem
363 1071 504 1126 montium,
521 1070 622 1118 bestiae
639 1084 764 1132 agrorum
777 1084 898 1119 meorum
917 1069 1024 1119 Mecum
1032 1069 1046 1090 ’'
1059 1069 1169 1131 (Psalm.
1181 1070 1199 1120 l.
1212 1083 1251 1128 10,

271 1137 327 1195 11);

186 1200 205 1222 “
215 1199 321 1249 Aschur
338 1200 432 1250 cedrus
450 1200 477 1249 in
500 1199 602 1248 Libano
614 1213 620 1256 ;
633 1237 639 1250 .
652 1237 659 1249 .
672 1236 678 1250 .
691 1237 697 1249 .
712 1199 766 1248 alta
783 1196 855 1249 talla
871 1209 913 1249 est
929 1199 1043 1250 altitudo
1059 1198 1120 1263 ejus
1130 1214 1137 1259 ς
1147 1236 1154 1250 .
1165 1237 1172 1251 .
1184 1237 1191 1252 .
1204 1237 1210 1252 .
1225 1201 1253 1250 in

267 1265 348 1314 ramis
365 1265 425 1328 ejus
443 1265 610 1314 nidificarent
627 1280 723 1314 omnes
740 1279 804 1313 aves
822 1265 965 1323 caelorum,
984 1273 1011 1314 et
1028 1266 1079 1314 sub
1096 1266 1178 1315 ramis
1194 1265 1254 1329 ejus

267 1340 428 1392 pepererunt
440 1345 535 1379 omnes
547 1331 648 1379 bestiae
660 1331 725 1393 agri,
739 1339 766 1379 et
778 1331 805 1379 in
817 1331 912 1379 umbra
923 1329 982 1393 ejus
993 1331 1146 1380 habitarunt
1158 1345 1254 1381 omnes

267 1405 361 1457 gentes
371 1411 485 1458 magnae
494 1395 508 1415 ”
517 1395 618 1457 (Ezech.
631 1397 701 1446 xxxi.
714 1408 737 1456 3,
751 1407 773 1455 5,
785 1397 809 1454 6,
823 1392 891 1455 r3l⁸l;
908 1396 981 1445 Dan.
993 1396 1027 1445 iv.
1041 1395 1130 1456 7-13);

183 1458 316 1510 “Feriam
327 1461 381 1510 illis
392 1461 487 1512 foedus
504 1461 531 1510 in
549 1461 593 1510 die
610 1461 656 1509 ilio
668 1475 728 1510 curn
740 1461 825 1510 bestia
836 1461 902 1523 agri,
916 1471 943 1510 et
959 1476 1018 1510 cum
1036 1475 1088 1511 ave
1104 1460 1251 1520 caelorum,

267 1561 274 1575 .
287 1563 293 1576 .
306 1562 312 1577 .
324 1561 331 1577 .
343 1537 370 1576 et
381 1527 552 1589 desponsabo
564 1535 590 1575 te
604 1523 698 1575 Mihiw
711 1527 738 1575 in
750 1536 888 1575 aeternum
898 1524 911 1545 '¹
924 1526 1028 1588 (Hosch.
1040 1527 1068 1576 ii.
1091 1527 1126 1585 18,
1140 1523 1221 1590 1pl⁶l);

183 1591 193 1617 ⁴
211 1589 307 1640 Gaude
326 1600 353 1641 et
376 1591 492 1641 laetare:
506 1628 512 1641 .
525 1628 531 1641 .
545 1629 551 1641 .
564 1628 570 1641 .
585 1606 619 1640 ne
642 1593 742 1649 timete,
767 1591 868 1640 bestiae
891 1605 1016 1653 agrorum
1040 1606 1170 1650 meorum,
1192 1592 1254 1656 quia

265 1657 380 1706 herbosa
391 1654 463 1706 rasa
474 1666 537 1706 sunt
548 1657 697 1706 habitacula
707 1657 805 1706 deserti
814 1655 828 1676 ''
840 1656 914 1720 (Joel
922 1657 949 1707 ii.
961 1669 1000 1713 21,
1012 1656 1087 1719 22101)
1098 1672 1104 1716 ;

184 1721 262 1779 “Tu,
282 1722 319 1771 tili
336 1723 462 1780 hominis,
476 1722 517 1771 dic
535 1723 578 1771 avi
595 1723 685 1772 omnis
699 1718 783 1770 ataeffl
796 1731 823 1770 et
837 1722 913 1771 omni
929 1722 1030 1771 bestiae
1047 1722 1113 1785 agri,
1133 1721 1253 1785 Congre-

267 1787 368 1849 gamini
384 1824 447 1838 ....
462 1788 495 1836 ad
518 1787 675 1836 sacrificium
696 1801 785 1836 meum
799 1824 805 1837 .
817 1824 824 1836 .
837 1823 860 1836 ..
875 1801 956 1850 super
976 1787 1111 1836 montibus
1135 1786 1252 1838 Israelis.
1323 1797 1325 1800 ’

266 1888 274 1902 .
286 1887 293 1901 .
305 1888 312 1902 .
324 1888 331 1902 .
343 1852 386 1902 Sic
397 1854 467 1902 dabo
479 1853 592 1914 gloriam
605 1866 693 1901 meam
706 1853 776 1901 inter
786 1861 881 1914 gentes
889 1851 903 1871 ”
913 1852 1013 1913 (Erech.
1023 1853 1113 1902 xxxix.
1126 1853 1234 1912 17-21);

184 1916 309 1967 “Hostis
327 1919 471 1980 opprobrio
483 1918 562 1966 afficit
577 1916 718 1982 Jebovarn.
755 1917 796 1967 Ne
807 1918 855 1966 des
867 1918 968 1967 bestiae
985 1917 1104 1966 animam
1122 1919 1231 1968 turturis
1239 1917 1254 1937 '⁹

265 1982 375 2043 (Psalm.
388 1984 470 2032 lxxiv.
484 1983 522 2040 18,
536 1983 593 2044 rp);

184 2046 349 2097 “Dominus
360 2044 503 2112 Jeliovihffl
514 2057 662 2109 congregat
673 2046 800 2110 expulsos
813 2045 930 2098 Israelis.
967 2046 1064 2097 Omnis
1079 2048 1166 2097 bestia
1176 2061 1253 2110 agro-

266 2127 324 2161 rum
337 2128 467 2170 meorum,
482 2114 570 2161 venite
580 2112 593 2130 ''
606 2113 690 2173 (Esai.
702 2114 748 2162 lvi.
759 2113 783 2171 8,
795 2113 836 2175 9);

186 2177 327 2241 “Spiritus
345 2178 437 2242 Jesum
455 2179 596 2240 impellens
617 2178 680 2227 iecit
699 2178 771 2227 exire
792 2177 819 2226 in
840 2177 974 2227 desertum
978 2214 1058 2236 .....
1069 2187 1097 2227 et
1114 2186 1172 2227 erat
1189 2191 1248 2227 eum

266 2244 366 2303 bestiis,
380 2253 408 2294 et
419 2245 509 2306 angeli
521 2244 708 2293 ministrabant
722 2242 776 2306 Ipsi
784 2242 799 2262 ''
810 2241 906 2305 (Mare.
917 2243 935 2293 i.
949 2255 987 2301 12,
1001 2242 1056 2304 13);

133 2405 205 2450 non
228 2396 302 2450 erat
325 2404 401 2450 cum
424 2386 552 2461 bestiis,
573 2385 633 2450 sed
656 2405 733 2449 cum
752 2385 905 2461 diabolis,
926 2405 1003 2450 cum
1026 2386 1145 2469 quibus
1164 2406 1250 2469 pug-

132 2482 230 2544 navit
256 2491 291 2544 et
321 2501 406 2564 quos
433 2480 633 2562 subjugavit.
691 2479 843 2562 (Praeter
870 2480 963 2544 mille
989 2480 1062 2544 aliis
1092 2482 1126 2544 in
1156 2480 1250 2551 locis,

131 2596 222 2658 quae
241 2576 352 2659 quoad
371 2586 503 2659 partem
522 2575 628 2638 allata
647 2585 726 2638 sunt
749 2577 782 2638 in
801 2575 1012 2657 Apocalypsi
1026 2575 1198 2650 Revelata,
1219 2595 1251 2638 n.

135 2668 224 2753 567.)
269 2671 449 2734 Praeterea
467 2679 586 2733 notum
605 2679 658 2732 est
681 2669 771 2752 quod
795 2670 873 2751 Ipse
893 2669 1059 2733 Dominus
1081 2670 1115 2732 in
1134 2668 1252 2733 Verbo

133 2766 268 2829 dicatur
292 2763 473 2846 “Agnus''
500 2774 535 2827 et
562 2784 694 2847 quoque
719 2762 820 2827 “Leo
832 2763 869 2842 ;”'
891 2775 964 2827 tum
991 2763 1081 2845 quod
1109 2761 1252 2845 Spiritus

133 2857 280 2923 Sanetus
299 2867 573 2940 repraesentatus
597 2859 640 2921 sit
664 2859 750 2921 sicut
771 2857 966 2923 “Columba
977 2858 1003 2936 ;”
1034 2857 1123 2941 quod
1147 2859 1251 2920 etiam

133 2954 284 3030 cherubi,
312 2974 371 3036 per
397 2974 481 3036 quos
510 2952 662 3016 Verbum
689 2955 721 3016 in
750 2954 871 3016 literali
901 2973 1001 3016 sensu
1031 2952 1249 3034 significatur,

133 3050 351 3132 apparuerint
378 3049 465 3111 sicut
490 3053 661 3130 “quatuor
690 3047 848 3121 bestiae,’'
871 3046 960 3129 apud
986 3045 1189 3109 Ezechielem
1215 3055 1251 3109 et

134 3143 170 3205 in
202 3141 430 3223 Apocalypsi:
463 3142 619 3224 quodque
652 3141 756 3203 homo
786 3139 972 3216 Ecclesiae,
1006 3139 1061 3223 qui
1091 3142 1251 3222 agnoscit

134 3236 321 3299 Dominum
337 3246 374 3299 ut
393 3255 489 3298 suum
506 3234 616 3297 Deum
633 3245 667 3298 et
691 3235 877 3308 Pastorem,
895 3235 1026 3297 dicatur
1042 3236 1143 3297 “ovis
1154 3234 1180 3312 ;”
1202 3245 1250 3309 et,

133 3330 210 3393 vice
228 3349 335 3402 versa,
355 3330 410 3412 qui
434 3349 502 3391 non
525 3330 692 3410 agnoscit,
714 3329 845 3392 dicatur
865 3327 1035 3402 “hircus”
1053 3337 1089 3391 et
1118 3349 1251 3412 quoque

136 3424 271 3488 “draco
283 3424 308 3501 ;”
331 3433 366 3486 et
382 3422 472 3506 quod
488 3423 583 3504 hujus
602 3432 731 3498 coetus,
745 3423 898 3485 similiter
911 3431 947 3485 ut
966 3421 1055 3503 apud
1067 3421 1250 3499 Danielem,

134 3519 347 3582 describatur
365 3537 424 3599 per

185 3659 306 3710 Bestiam
324 3675 358 3709 ex
375 3661 449 3714 mari.
469 3661 584 3710 similem
602 3662 694 3725 pardo,
714 3661 790 3725 cujus
807 3661 889 3724 pedes
906 3662 982 3724 quasi
999 3661 1063 3722 ursi,
1082 3671 1109 3712 et
1126 3677 1158 3712 os
1175 3663 1251 3726 quasi

267 3726 353 3775 leonis
365 3724 451 3790 (Apac.
463 3727 518 3775 xiii.
531 3739 552 3782 1,
565 3728 598 3788 2).

136 3860 234 3924 Haec
263 3860 403 3925 trahunt
430 3863 594 3944 originem
621 3884 666 3926 ex
693 3863 821 3927 mundo
846 3864 1020 3946 spirituali,
1048 3864 1104 3929 ubi
1133 3885 1251 3929 omnes
1313 3880 1316 3885 ·

135 3952 332 4019 εΐῖεᾶἰοηεε
361 3965 396 4019 et
424 3956 503 4019 inde
530 3959 758 4038 cogitationes
786 3957 985 4039 angelorum
1012 3968 1047 4022 et
1076 3960 1251 4041 spirituum

135 4048 180 4112 ad
206 4048 403 4111 distantiam
428 4049 472 4111 ab
494 4049 559 4113 illis
583 4052 747 4114 sistuntur
769 4061 806 4115 ut
830 4051 979 4131 bestiae3
1011 4072 1097 4134 quae
1119 4072 1251 4135 quoque

136 4151 303 4224 apparent
325 4143 359 4205 in
378 4143 477 4205 simili
493 4144 609 4217 forma,
630 4165 765 4226 prorsus
787 4146 821 4209 in
840 4165 905 4229 qua
924 4147 1054 4209 bestiae
1072 4146 1105 4209 in
1125 4147 1251 4210 mundo

136 4236 301 4315 naturali;
333 4235 528 4302 afleitiones
546 4240 670 4302 amoris
688 4238 767 4302 boni
787 4249 824 4303 ut
846 4239 977 4304 bestiae
996 4242 1096 4304 mites
1114 4249 1150 4304 et
1172 4260 1251 4304 usus

135 4329 227 4405 boni,
244 4341 281 4395 at
300 4329 494 4396 afsedtiones
509 4335 633 4396 amoris
649 4333 728 4396 mali
747 4343 784 4397 ut
802 4334 932 4398 bestiae
951 4335 1098 4398 immites
1117 4343 1153 4398 et
1171 4354 1250 4397 usus

136 4426 235 4490 mali:
259 4427 338 4490 inde
353 4437 406 4491 est
422 4427 512 4509 quod
528 4427 632 4492 toties
647 4428 864 4493 nominentur
878 4428 1060 4493 “bestiae’'
1072 4429 1108 4492 in
1121 4428 1248 4503 Verbo,
