2776 5040
142 470 181 520 10
410 466 586 520 CANONES
608 467 738 519 Novas
760 465 976 519 ECCLESIAE.

501 780 661 847 CAPUT
691 780 892 846 PRIMUM.

137 1010 194 1074 Da
217 1010 397 1076 Unum
420 1011 512 1089 Dan
543 1024 612 1077 ssu
638 1023 742 1088 Quon
766 1023 864 1077 unos
886 1011 990 1077 Deus
1012 1024 1080 1077 s1a.

202 1209 227 1256 1.
259 1190 361 1275 Quod
383 1212 577 1276 supremum
600 1204 636 1258 et
660 1194 817 1257 intimum
840 1193 990 1257 omniurn
1013 1190 1240 1257 doetrinalium

345 1287 521 1362 ecclesiae,
538 1298 574 1352 et
597 1288 676 1351 inde
695 1287 884 1351 universale
902 1287 1047 1362 illorum,
1067 1289 1113 1352 sit
1131 1287 1242 1369 cogni·

346 1381 395 1444 tio
414 1391 450 1444 et
468 1382 600 1463 agnitio
618 1381 709 1464 quod
729 1381 823 1445 Deus
842 1399 926 1443 unus
944 1381 998 1445 sit.

198 1491 226 1539 2.
259 1474 361 1557 Quod
381 1477 442 1539 nisi
462 1496 546 1539 unus
563 1475 656 1539 Deus
671 1475 770 1550 soret,
788 1495 856 1539 non
872 1475 1041 1557 potuisset
1058 1475 1244 1539 universum

345 1571 451 1635 creari
470 1581 505 1633 et
525 1571 729 1635 conservari.

200 1680 227 1746 3.
259 1663 361 1745 Quod
388 1666 420 1728 in
448 1664 587 1729 homine
609 1666 665 1748 qui
692 1684 761 1727 non
784 1664 944 1746 agnoscit
967 1663 1089 1739 Deum,
1116 1665 1247 1728 nonsit

344 1759 500 1833 ecclesia,
520 1760 569 1822 ita
587 1778 656 1822 non
675 1757 818 1822 caelum.

197 1871 227 1932 4.
258 1850 360 1935 Quod
383 1853 416 1916 in
435 1851 573 1917 homine
589 1853 645 1936 qui
664 1872 732 1916 non
751 1852 910 1934 agnoscit
929 1870 1032 1915 unum
1051 1851 1176 1929 Deum,
1192 1852 1248 1917 sed

345 1946 470 2029 plures,
491 1947 574 2010 nihil
595 1946 759 2010 ecclesiae
778 1945 972 2010 cohaereat.

200 2055 227 2123 5.
259 2040 360 2122 Quod
379 2040 578 2104 universalis
593 2040 739 2104 influxus
757 2061 776 2104 a
797 2039 872 2103 Deo
890 2050 926 2105 et
945 2060 964 2104 e
982 2039 1080 2104 caelo
1095 2040 1250 2123 angelico

345 2136 379 2198 in
402 2136 550 2198 animam
569 2134 716 2198 hominis
732 2135 787 2210 sit,
808 2134 897 2217 quod
919 2133 1013 2198 Deus
1030 2134 1087 2210 sit,
1107 2144 1145 2199 et
1163 2134 1250 2218 quod

346 2249 431 2292 unus
450 2229 504 2293 sit.

197 2322 228 2386 6.
259 2319 361 2404 Quod
385 2322 473 2386 ratio
494 2321 644 2385 humana
666 2342 712 2386 ex
735 2321 851 2386 multis
874 2323 907 2385 in
930 2321 1059 2385 mundo
1080 2322 1251 2406 percipere

345 2416 464 2498 possit,
485 2417 513 2479 si
535 2415 620 2490 vult,
641 2416 731 2499 quod
756 2415 848 2479 Deus
871 2417 926 2491 sit,
946 2424 982 2480 et
1004 2435 1140 2499 quoque
1163 2416 1251 2500 quod

347 2533 441 2576 unus.

198 2627 227 2693 7.
258 2611 343 2676 Inde
359 2622 412 2675 est
429 2612 518 2695 quod
535 2613 568 2675 in
585 2613 741 2675 universo
755 2612 880 2675 mundo
893 2631 961 2675 non
974 2612 1075 2676 detur
1087 2632 1187 2694 gens,
1201 2614 1252 2678 cui

346 2717 398 2769 est
418 2706 537 2788 religio
561 2717 595 2770 et
619 2727 702 2768 sana
725 2708 824 2782 ratio,
842 2726 929 2789 quae
945 2726 1013 2770 non
1033 2708 1196 2788 agnoscit
1218 2718 1254 2773 et

344 2800 471 2865 fatetur
489 2821 591 2864 unum
612 2801 733 2863 Deum,

199 2895 227 2958 8.
258 2891 360 2976 Quod
388 2895 570 2978 Scriptura,
599 2906 635 2959 et
665 2895 742 2959 inde
770 2892 943 2959 dotirinae
970 2895 1193 2961 ecclesiarum
1221 2899 1253 2962 in

344 2987 540 3053 Christiano
559 2990 651 3064 orbe,
673 2990 821 3053 doceant
841 2989 932 3072 quod
951 3009 1036 3052 unus
1056 2990 1150 3054 Deus
1170 2992 1226 3057 sit.

197 3099 227 3163 9.
259 3081 326 3146 Sed
343 3083 433 3166 quod
449 3083 558 3166 qualis
574 3104 659 3146 unus
676 3083 733 3146 ille
753 3082 846 3147 Deus
862 3093 926 3158 est,
944 3083 1060 3166 populi
1076 3095 1112 3149 et
1128 3095 1254 3167 gentes

345 3178 512 3241 abiverint
531 3187 566 3240 et
583 3175 736 3242 ¹¹¹abeant
755 3179 788 3240 in
806 3177 986 3241 diversum.

181 3284 228 3334 10.
259 3268 360 3350 Quod
384 3271 550 3335 abiverint
573 3280 609 3335 et
635 3272 762 3336 abeant
784 3272 817 3334 in
841 3271 1011 3335 diversum
1035 3272 1079 3338 de
1103 3273 1190 3351 Deo,
1216 3285 1254 3340 et

345 3366 387 3429 de
406 3367 537 3430 unitate
557 3365 649 3447 Ejus,
670 3366 738 3430 sint
757 3363 871 3448 plures
890 3385 1024 3431 causae.
