2776 5040
495 477 546 528 DE
567 477 803 531 CHARITATE:
1165 485 1211 535 u·

69 646 157 729 quis
182 645 456 728 potestmalum
485 646 594 712 iacere
624 645 737 711 liberis
757 648 836 723 suis',
860 648 957 712 uxori
979 666 1070 726 suae,
1087 650 1204 716 amicis

72 740 170 818 suist
195 740 321 804 malum
337 741 426 804 enim
441 740 549 804 facere
565 752 618 805 est
634 751 753 804 contra
768 742 894 804 bonum
909 744 1041 806 amoris.

147 831 232 915 Quis
248 853 317 897 non
332 834 425 897 videt
441 834 530 917 quod
546 835 601 916 qui
624 835 702 898 odio
719 835 823 899 habet
839 835 993 912 alterum,
1009 837 1145 901 hostem
1168 848 1204 903 et

75 926 253 991 inimicum
264 938 384 991 contra
395 926 488 990 illum
498 928 580 1009 agit,
590 924 739 991 vindicta
748 927 879 1010 flagrat,
889 930 981 1011 cupit
993 929 1063 1011 ejus
1073 950 1203 1014 necem,

77 1039 153 1084 non
169 1032 261 1085 amet
278 1023 488 1103 proximum3
512 1022 567 1103 qui
582 1021 655 1084 vult
671 1023 810 1085 scortari
827 1041 903 1086 cum
926 1022 1062 1087 alterius
1086 1046 1202 1099 uxore,

78 1115 139 1196 qui
156 1114 318 1178 deflorare
334 1113 406 1178 vult
422 1115 568 1196 virgines
583 1134 622 1178 ac
642 1115 796 1179 deserere
812 1114 897 1190 illas,
914 1126 949 1179 et
965 1117 1090 1180 violare
1106 1119 1203 1182 muli·

79 1227 169 1282 eres,
186 1227 254 1271 non
270 1217 362 1271 amet
378 1208 588 1290 proximum;
612 1207 756 1289 quivult
772 1209 967 1291 depraedari
983 1218 1019 1274 et
1035 1212 1096 1274 sub
1112 1214 1204 1275 varia

80 1301 197 1384 specie
219 1301 316 1365 iurari
339 1300 408 1383 ejus
426 1302 524 1377 bona,
542 1301 596 1383 qui
619 1302 743 1366 sarnam
758 1302 895 1366 alterius
911 1302 1027 1381 laedit,
1043 1304 1204 1386 blasphe-

83 1395 221 1470 mando,
238 1406 273 1459 et
289 1397 336 1459 sic
352 1395 514 1459 testando
529 1395 620 1471 salse,
635 1415 702 1459 non
718 1406 810 1459 amet
824 1397 1015 1478 proximum
1028 1418 1036 1474 ;
1059 1398 1128 1461 imo
1141 1418 1202 1462 nec

83 1489 140 1572 qui
162 1490 370 1571 concupiscit
392 1487 462 1570 ejus
485 1489 632 1564 domum,
656 1488 725 1570 ejus
755 1508 908 1565 uxorem,
932 1500 967 1553 et
998 1490 1094 1572 plura
1117 1512 1202 1573 quae

84 1583 230 1664 proximi
246 1594 334 1647 sunt.
378 1582 436 1646 Ex
452 1583 569 1666 quibus
586 1593 692 1665 patet,
709 1583 799 1665 quod
817 1602 885 1646 non
901 1582 990 1648 velle
1011 1584 1138 1647 malum
1154 1585 1203 1648 ia·

84 1697 161 1741 cere
177 1678 335 1758 proximo
350 1678 394 1741 sit
410 1677 594 1741 charitatis.

147 1769 200 1834 De
216 1770 281 1834 hoc
296 1771 345 1833 ita
360 1770 489 1845 Paulus,
500 1770 590 1852 quod
606 1789 718 1834 amare
735 1771 926 1852 proximum
941 1771 986 1835 sit
997 1770 1137 1852 implere
1154 1769 1203 1835 le·

85 1865 253 1946 gem-in
270 1864 400 1928 duobus
416 1863 519 1944 locis3

85 1969 118 2022 et
134 1955 216 2022 alibi
232 1979 277 2023 ex
292 1957 418 2022 Verbo.

84 2103 106 2156 2.
134 2103 384 2161 numeratorum
397 2105 484 2157 rocon
492 2103 609 2171 proximo
619 2103 656 2157 uit
665 2103 807 2158 charitudo

146 2220 226 2285 Hoc
242 2230 361 2285 notum
377 2230 441 2296 est,
453 2220 530 2302 quia
543 2221 688 2285 creditur
703 2220 793 2304 quod
806 2219 886 2285 dare
898 2221 1108 2304 pauperibus,
1123 2241 1202 2303 sup·

79 2314 193 2398 petias
208 2315 292 2378 serre
307 2315 545 2397 indigentibus,
563 2315 717 2396 opitulari
733 2316 839 2378 viduis
855 2326 889 2379 et
906 2314 1049 2397 pupillis,
1066 2317 1201 2379 beneia-

78 2429 159 2476 cere
179 2410 350 2485 ministris,
367 2408 517 2472 conferre
533 2409 576 2471 ad
599 2408 738 2490 templa,
754 2409 797 2472 ad
819 2408 1009 2490 hospitalia,
1026 2409 1068 2472 ad
1091 2411 1202 2472 varios

73 2523 161 2569 usus
177 2504 261 2585 pios,
278 2504 322 2567 sit
345 2502 539 2581 charitatis;
564 2512 636 2566 tum
659 2503 739 2566 dare
762 2504 882 2589 cibum,
896 2503 1065 2578 esurienti,
1083 2513 1201 2583 potare

70 2598 266 2672 sitientem,
294 2596 454 2679 colligere
484 2598 707 2678 peregrinum,
738 2597 861 2660 vestire
898 2597 1034 2671 nudum,
1065 2597 1201 2660 visitare

65 2701 272 2776 aegrotum,
288 2691 402 2755 venire
424 2691 467 2754 ad
490 2687 621 2754 vindtos
643 2691 676 2754 in
700 2709 844 2765 carcere,
861 2700 896 2753 et
919 2689 1014 2771 plura
1036 2689 1112 2765 alia,
1133 2692 1201 2752 sint

64 2784 171 2851 bona
187 2784 382 2862 charitatis3
406 2784 465 2848 sed
482 2804 585 2867 usque
602 2804 669 2848 non
685 2783 759 2866 plus
775 2785 864 2848 bona
879 2794 968 2858 sunt,
982 2803 1083 2866 quarn
1096 2803 1201 2865 quan·

61 2889 153 2945 tum
176 2877 282 2942 homo
297 2878 382 2960 sugit
405 2877 494 2941 mala
516 2889 553 2942 ut
575 2889 737 2959 peccata;
753 2879 844 2941 bona
865 2877 923 2941 illa
946 2877 974 2941 si
995 2877 1099 2941 homo
1122 2876 1201 2940 iacit

60 2984 265 3055 antequam
288 2971 373 3054 sugit
400 2971 489 3035 mala
512 2982 549 3035 ut
576 2982 718 3053 peccata
741 2982 819 3035 sunt
843 2971 933 3035 bona
955 2980 1110 3043 externa,
1134 2970 1202 3033 imo

59 3066 265 3141 meritoria,
281 3067 359 3149 quia
376 3066 562 3130 scaturiunt
579 3087 623 3129 ex
640 3065 733 3129 sonte
750 3066 890 3146 impuro,
908 3075 943 3128 et
966 3085 1051 3146 quae
1074 3085 1119 3128 ex
1142 3064 1202 3127 tali

58 3160 175 3228 sonte
192 3159 360 3242 profluunt
372 3168 451 3222 sunt
466 3160 603 3223 interius
616 3158 705 3223 mala
718 3180 726 3238 ;
749 3170 802 3223 est
815 3159 918 3223 homo
933 3158 966 3221 in
979 3157 1044 3221 illis
1056 3168 1091 3222 et
1108 3177 1203 3221 mun-

59 3257 143 3321 dus
159 3255 195 3318 in
211 3253 288 3317 illis.

143 3345 247 3430 Quod
269 3346 378 3412 iacere
400 3348 490 3411 bona
506 3346 696 3412 Christiana
718 3347 761 3411 sit
784 3346 968 3422 charitatis,
985 3356 1105 3410 notum
1129 3357 1201 3424 est;

57 3454 111 3509 et
128 3463 152 3506 a
168 3441 284 3504 multis
299 3442 447 3505 creditur
461 3442 550 3523 quod
566 3443 692 3505 bonum
708 3441 821 3505 deleat
837 3439 973 3514 malum,
990 3451 1025 3504 et
1048 3442 1137 3523 quod
1154 3443 1201 3505 sic

59 3534 171 3602 mala
187 3534 277 3617 apud
292 3534 463 3598 hominem
477 3555 544 3598 non
557 3536 635 3609 sint,
648 3532 702 3598 vel
718 3535 807 3617 quod
821 3554 889 3597 non
902 3530 1098 3615 spectentur
1110 3556 1117 3612 ;
1141 3536 1202 3597 sed

60 3649 149 3696 non
166 3629 259 3692 delet
275 3627 412 3703 malum,
428 3628 456 3691 si
471 3629 574 3693 homo
590 3648 658 3692 non
674 3629 804 3711 cogitat
821 3629 863 3693 de
880 3627 976 3692 malis
992 3629 1080 3709 apud
1102 3648 1148 3704 se,
1167 3639 1202 3692 et

60 3723 328 3804 poenitentiam
344 3721 387 3785 ab
401 3721 466 3785 illis
481 3724 563 3805 agit.

143 3813 232 3880 Sunt
254 3814 367 3898 plures
388 3816 444 3899 qui
465 3817 513 3880 ita
536 3817 759 3891 crediderunt,
782 3825 818 3880 et
848 3823 1053 3898 putaverunt
1076 3815 1201 3880 malum

61 3909 170 3994 apud
187 3930 224 3974 se
244 3929 312 3973 non
328 3929 422 3988 esse;
445 3910 625 3992 explorati,
642 3910 784 3974 confessi
807 3919 885 3973 sunt
908 3908 998 3992 quod
1021 3909 1111 3990 pleni
1134 3911 1202 3973 sint

64 4002 191 4078 malis,
221 4013 258 4068 et
286 4003 383 4086 quod·
407 4004 469 4068 nisi
499 4004 716 4068 detineantur
744 4005 777 4067 in
807 4003 970 4079 externis,
994 4002 1118 4066 salvari
1143 4023 1201 4066 ne·

65 4097 221 4173 queant.

67 4228 111 4284 2.
136 4229 207 4288 uuor
219 4231 294 4284 tomo
306 4228 393 4297 ponit
403 4232 490 4284 ramo
501 4230 592 4284 tonum
603 4229 673 4298 quod
687 4229 769 4283 crodit
784 4243 845 4283 om
856 4227 997 4288 eharitatis,
1010 4232 1039 4281 ot
1053 4241 1134 4295 usquo
1150 4242 1200 4280 non

183 4300 273 4366 rupen
283 4297 386 4356 malum
399 4300 428 4349 ot
437 4301 521 4350 tamon
533 4311 606 4350 omno
617 4297 711 4350 molum
722 4300 864 4350 utcontra
875 4295 1035 4349 charitatem.

150 4404 248 4492 Quod
259 4408 376 4491 lugere
389 4405 513 4473 malum
531 4405 581 4491 [et
597 4408 706 4473 lacere
721 4404 862 4491 bonum]
879 4405 948 4470 sint
959 4405 1026 4470 duo
1042 4399 1202 4468 distincta
