2776 5040
138 461 179 528 72
613 457 784 508 cononis.

138 626 324 701 Christus,”
342 637 377 691 et
397 625 531 689 “Filius
551 625 642 689 Dei.''
686 625 788 708 Quod
807 626 993 690 Adventus
1018 628 1160 692 Domini
1180 649 1241 692 nos·

138 724 180 786 tri
204 723 237 784 in
261 720 471 804 perplurimis
490 720 573 784 locis
595 722 685 803 apud
709 721 898 803 Prophetas
922 721 1121 803 praedictus
1143 725 1194 796 sit,
1209 744 1241 786 ex

136 817 344 898 allegatione
367 813 634 898 praedidtionum
660 817 694 878 in
722 817 940 898 sequentibus
967 818 1150 882 videbitur.
1191 817 1243 881 Sed

136 911 307 994 quaeritur
330 930 387 973 cur
410 920 480 973 tam
504 910 660 992 frequens
683 908 867 992 praedictio
890 911 933 973 de
957 911 1128 976 Adventu
1155 913 1244 995 Ipsius

136 1003 223 1068 satta
236 1015 287 1068 est
302 1024 309 1067 :
334 1004 466 1067 fuerunt
482 1003 594 1086 plures
607 1025 739 1079 causae,
753 1007 919 1088 quaedam
937 1003 1139 1088 spectantes
1152 1008 1244 1090 Popu-

136 1100 204 1163 lum
229 1099 450 1162 lsraeliticum
474 1110 509 1162 et
531 1099 718 1181 Judaicum,
738 1102 904 1184 quaedam
928 1099 1129 1183 spectantes
1152 1104 1246 1186 Popu-

136 1195 205 1256 lum
239 1191 469 1258 Christianum
506 1204 585 1276 post
621 1193 708 1259 illos.
753 1193 821 1259 Sed
840 1197 1114 1262 'recensebimus
1142 1218 1247 1261 causas

136 1284 331 1370 spedtantes
361 1289 523 1370 imprimis
557 1289 720 1372 Populum
752 1290 975 1354 Israeliticum
1006 1303 1042 1355 et
1073 1293 1248 1375 judaicum.

135 1382 257 1446 Pn'ma
272 1394 356 1457 erat,
372 1395 409 1447 ut
428 1403 488 1466 per
503 1386 772 1449 nominationem
792 1396 828 1449 et
847 1388 1124 1451 recordationem
1141 1388 1249 1470 Ipsius.

135 1480 168 1541 in
193 1478 286 1541 cultu
308 1480 458 1542 interiori
480 1478 631 1560 Jehovae
655 1481 921 1553 continerentur,
945 1483 1111 1564 quoniam
1134 1485 1250 1564 absque

135 1571 194 1635 illo
213 1593 280 1636 non
302 1573 362 1635 fuit
383 1574 556 1655 ingressus
573 1572 725 1654 Jehovae
747 1576 789 1638 ad
813 1574 958 1658 aliquem
983 1597 1030 1639 ex
1053 1577 1133 1651 illis,
1152 1597 1251 1660 neque

135 1687 291 1732 accessus
314 1668 412 1730 ullius
435 1689 480 1731 ex
504 1667 568 1730 illis
591 1670 634 1731 ad
656 1669 832 1751 Jehovam.
877 1670 994 1734 Simile
1019 1682 1094 1736 erat
1118 1683 1198 1736 tunc
1220 1680 1251 1734 ut

135 1773 188 1827 est
208 1763 319 1838 hodie,

185 1897 263 1962 Quod
278 1896 363 1947 Deum
378 1897 484 1947 Patrem
497 1901 603 1947 “nemo
615 1898 728 1954 viderit:
747 1898 910 1962 Unigenitus
923 1899 1017 1960 lilius,
1031 1902 1078 1965 qui
1096 1902 1124 1951 in
1137 1903 1197 1952 sinu
1209 1901 1252 1952 1¹»

266 1965 313 2013 tris
325 1975 375 2022 est,
391 1963 440 2013 llle
452 1965 576 2026 exposuit
584 1963 598 1982 ’'
610 1964 685 2029 (Joh.
697 1966 713 2015 i.
727 1966 774 2023 18;
792 1980 849 2027 cap.
861 1980 887 2015 v.
899 1966 959 2027 37);

136 2052 220 2118 tum,
285 2138 398 2188 “Nemo
411 2140 484 2188 venit
496 2140 530 2188 ad
545 2139 651 2189 Patrem
664 2139 716 2188 nisi
728 2154 775 2202 Ρθῐ
788 2138 832 2189 Me
841 2138 856 2159 ”
867 2139 943 2204 (Μ
955 2141 1009 2192 ¹il'·
1022 2141 1057 2204 ὁ)·

136 2272 285 2338 Secunda
314 2294 415 2336 causa
441 2270 601 2355 spectans
631 2273 795 2356 Populum
826 2274 931 2350 illum,
960 2275 1033 2351 suit,
1063 2279 1157 2360 quod
1185 2278 1252 2360 typi

135 2368 414 2450 repraesentativi
446 2367 621 2431 Ecclesiae
648 2367 792 2442 illorum,
821 2371 876 2452 qui
906 2389 1027 2434 omnes
1055 2370 1250 2454 spediabant

136 2462 318 2524 Dominum
339 2471 491 2523 nostrum
515 2472 551 2523 et
575 2461 765 2524 Ecclesiam
786 2463 830 2525 ab
854 2463 933 2545 Ipso
956 2475 1036 2545 post
1057 2464 1250 2529 Adventum

136 2557 243 2638 Ipsius
263 2556 526 2627 instaurandam,
545 2557 745 2619 inservirent
765 2557 830 2619 illis
850 2568 886 2620 ut
906 2559 1054 2621 totidem
1074 2561 1203 2623 indices
1220 2571 1250 2624 et

135 2651 291 2731 symbola
314 2651 424 2713 cultus
448 2650 602 2727 illorum;
634 2663 892 2732 consequenter,
917 2662 954 2714 ut
979 2673 1057 2716 cum
1082 2651 1250 2718 venisset¹¹¹

135 2755 362 2826 agnoscerent
394 2745 519 2824 Ipsum,
544 2755 578 2806 et
610 2746 759 2807 sinerent
790 2766 826 2808 se
856 2747 1026 2808 introduci
1058 2749 1092 2810 in
1124 2750 1250 2812 interna

135 2840 246 2903 cultus
264 2841 382 2920 Ipsius,
401 2850 435 2901 et
456 2859 610 2900 unacum
629 2840 787 2919 gentibus
804 2860 888 2920 quae
905 2841 1031 2902 circum
1050 2842 1128 2904 illos
1148 2855 1249 2915 erant,

135 2934 253 2997 fierent
271 2934 461 2996 Christiani.
513 2932 627 2994 Tertia
642 2954 743 2995 causa
759 2934 829 3007 luit,
848 2944 884 2996 ut
903 2955 962 3015 per
977 2938 1249 3000 recordationem

135 3029 317 3092 Adventus
331 3029 448 3108 ipsius,
463 3027 587 3108 aliquid
605 3029 752 3102 notionis
765 3049 823 3091 seu
840 3029 935 3091 ideae
951 3029 994 3090 de
1011 3029 1250 3094 resurrectione

134 3135 169 3186 et
200 3124 243 3185 de
273 3125 343 3184 vita
372 3132 512 3183 aeterna
542 3123 771 3201 cogitationes
801 3122 934 3185 illorum
965 3123 1121 3187 intraret.
1173 3124 1250 3205 Quis

134 3220 224 3281 enim
240 3238 284 3280 ex
301 3217 365 3279 illis
379 3237 445 3278 non
461 3218 626 3296 potuisset
644 3217 782 3278 interius
799 3218 830 3278 in
848 3237 883 3278 se
901 3237 959 3278 seu
972 3219 1077 3281 corde
1090 3221 1249 3300 cogitare,

136 3311 255 3393 “Quid
283 3312 379 3373 nobis
407 3330 483 3373 cum
512 3310 647 3382 Messia,
677 3320 857 3392 postquam
885 3313 1009 3373 mortui
1037 3333 1164 3387 sumus,
1193 3314 1250 3376 nisi

134 3417 378 3470 reverteremur
402 3415 492 3477 tunc,
513 3405 703 3466 videremus
727 3404 869 3484 gloriam
894 3405 1013 3486 Ipsius,
1034 3417 1070 3469 et
1095 3427 1251 3488 regnare·

135 3522 208 3562 mus
227 3521 303 3562 cum
328 3500 445 3580 Ipso?”
491 3498 574 3560 Inde
593 3499 787 3579 religiosum
812 3500 942 3561 illorum
964 3502 1142 3564 scaturivit
1165 3502 1251 3585 quod

134 3617 175 3657 eo
199 3605 353 3676 tempore
376 3590 590 3657 resurredturi
614 3595 691 3663 sint,
712 3596 851 3675 quisque
873 3614 917 3656 ex
941 3614 1002 3655 suo
1026 3595 1195 3675 sepulcro,
1219 3607 1251 3658 et

135 3691 167 3752 in
195 3689 335 3752 Terram
359 3687 554 3751 Canaanem
582 3688 728 3748 redituri.
776 3687 907 3763 Quarta
932 3709 1035 3750 causa
1061 3690 1134 3763 fuit,
1159 3701 1195 3753 ut
1221 3691 1251 3753 in

135 3793 228 3846 statu
251 3784 451 3845 vastationis
475 3792 510 3844 et
534 3783 761 3862 oppressionis
787 3782 931 3856 illorum,
956 3785 1095 3864 quando
1123 3787 1155 3847 in
1179 3796 1252 3848 ten-

134 3878 320 3941 tationibus
346 3886 381 3940 et
408 3874 642 3939 afflietionibus
670 3887 777 3951 erant,
805 3877 1064 3940 sublevarentur
1090 3890 1127 3942 et
1157 3900 1253 3943 sana·

135 3983 260 4045 rentur,

184 4106 255 4155 Sicut
272 4114 361 4233 paptres
374 4114 400 4154 et
417 4105 512 4154 fratres
525 4120 617 4154 eorum
636 4095 662 4153 iri
675 4105 781 4154 deserto
793 4105 887 4167 (Num.
901 4105 955 4155 xxi.
973 4103 1059 4168 1-91¹l;
1086 4110 1150 4173 Joh.
1166 4110 1200 4159 iii.
1216 4122 1252 4168 14,

266 4184 295 4231 15
317 4186 323 4230 :

135 4320 213 4362 nam
230 4299 357 4380 absque
374 4297 430 4359 illa
447 4297 681 4360 sublevatione
698 4307 732 4360 et
749 4297 927 4359 sanatione
946 4299 1144 4378 potuissent
1160 4320 1254 4364 scan-

135 4394 213 4457 dala
226 4393 390 4474 conjicere
407 4394 438 4454 in
451 4392 626 4473 jehovam,
641 4402 675 4454 et
692 4413 711 4454 a
728 4391 821 4455 cultu
838 4391 945 4473 Ipsius
962 4398 1255 4474 repraesentativo
