2776 5040
334 486 384 538 DE
402 484 478 538 DEO
497 485 753 538 REDEMPTORE
770 486 856 552 Jusu
871 484 1046 538 CHRISTO.
1206 486 1243 554 31

481 800 639 866 CAPUT
670 800 905 866 DECIMUM.

132 1033 250 1117 Quou
267 1034 438 1099 Dwmuu
454 1048 502 1097 ΑΒ
518 1047 699 1098 Aarnnuo
714 1047 762 1098 aa
780 1033 983 1097 Humum
998 1047 1040 1096 ΙΝ
1056 1045 1244 1109 rumoris,

262 1127 1244 1203 ummsrcuruuruuarcourussmruuAPansous,

261 1235 362 1299 Quia
384 1235 451 1285 usa
468 1218 659 1303 Juuovffl.

201 1420 226 1467 1.
258 1401 358 1485 Quod
374 1403 408 1466 in
423 1402 503 1484 Jesu
516 1401 653 1467 Christo
670 1402 829 1466 Divinum
843 1403 887 1467 ab
902 1413 1043 1467 aeterno
1059 1413 1094 1467 et
1114 1403 1245 1466 Huma-

344 1516 424 1560 num
446 1498 480 1559 in
504 1506 657 1579 tempore
677 1498 771 1560 unita
789 1497 857 1560 sint
876 1498 963 1561 sicut
981 1498 1094 1561 anima
1116 1507 1151 1561 et
1170 1517 1245 1562 cor·

344 1611 407 1673 pus
426 1591 459 1653 in
478 1590 626 1655 homine.
1088 1632 1096 1656 .

198 1700 227 1747 2.
263 1682 363 1765 Quod
382 1685 490 1749 unitio
508 1685 606 1749 suerit
625 1695 661 1749 et
680 1686 724 1749 sit
744 1685 926 1767 reciproca,
940 1694 976 1748 et
992 1685 1039 1749 sic
1056 1684 1169 1767 plena.

198 1795 226 1859 3.
259 1778 517 1861 consequenter
529 1780 619 1862 quod
633 1780 727 1844 Deus
739 1789 774 1843 et
789 1779 915 1854 Homo,
928 1779 994 1843 hoc
1007 1789 1071 1854 est,
1086 1779 1246 1843 Divinum

344 1882 380 1936 et
402 1872 608 1947 Humanum,
629 1875 696 1937 sint
716 1894 783 1937 una
806 1873 962 1937 Persona.

196 1983 227 2045 4.
259 1964 360 2047 Quod
383 1969 416 2030 in
439 1967 600 2031 Humano
619 1968 756 2031 Domini
774 1969 842 2031 sint
861 1968 975 2031 omnia
993 1966 1116 2030 Divina
1138 1966 1247 2031 Patris

345 2061 454 2123 simul.
781 2086 784 2091 ·

200 2167 228 2234 5.
261 2152 361 2235 Quod
375 2156 421 2219 sic
435 2155 601 2219 Dominus
615 2156 658 2219 sit
673 2157 788 2219 unicus
801 2165 836 2219 et
849 2155 941 2219 solus
954 2155 1057 2231 Deus,
1071 2156 1124 2219 cui
1136 2156 1246 2219 omnis

344 2259 500 2331 potestas
524 2250 556 2311 in
582 2248 684 2312 caelis
707 2258 742 2312 et
766 2249 799 2311 in
822 2250 921 2312 terris
943 2249 987 2312 ab
1008 2259 1150 2312 aeterno
1172 2249 1245 2323 suit,

345 2343 431 2406 etin
451 2353 627 2407 aeternum
647 2344 719 2406 erit.

196 2434 227 2497 6.
259 2432 360 2515 Quod
393 2437 437 2499 sit
472 2437 628 2500 “Primus
661 2445 696 2500 et
730 2435 911 2510 Ultimus,”
944 2436 1173 2518 “Principium
1210 2446 1246 2500 et

346 2530 469 2604 Finis,”
486 2529 580 2611 “Qui
600 2530 671 2603 fuit,
692 2538 757 2605 est,
777 2540 813 2593 et
836 2530 1027 2607 venturus,'’
1047 2530 1188 2613 “Alpha
1210 2541 1245 2593 et

345 2621 507 2705 Omega,’'
528 2622 814 2706 “Omnipotens’'

196 2731 226 2797 7.
262 2715 362 2798 Quod
385 2720 429 2781 sit
454 2718 585 2781 “Pater
606 2717 851 2791 aeternitatis‚”
875 2717 1056 2799 “Jehovah
1078 2717 1245 2799 Justitia‚”

347 2812 528 2892 “Jehovah
552 2811 711 2876 Salvator
740 2823 775 2877 et
803 2812 1044 2895 Redemptor,”
1068 2812 1244 2894 “Jehovah

345 2905 530 2968 Zebaoth.”

198 2999 227 3062 8.
256 2997 357 3079 Quod
370 2999 417 3061 illi
430 3001 485 3082 qui
503 2999 617 3081 Ipsum
630 3008 667 3063 ut
678 2998 833 3080 Jehovah
850 3009 885 3063 et
901 3009 938 3063 ut
956 3000 1090 3063 Patrem
1106 2999 1243 3073 adeunt,

344 3102 379 3156 et
411 3092 478 3175 Ipsi
503 3094 671 3169 uniuntur,
696 3092 778 3157 fiant
802 3091 860 3155 filii
883 3092 1002 3174 Ipsius,
1026 3102 1063 3156 et
1089 3093 1245 3156 dicantur

344 3186 429 3250 “filii
449 3186 541 3251 Dei.'’

197 3297 228 3363 9.
260 3279 360 3362 Quod
379 3280 413 3343 hi
429 3281 496 3344 sint
516 3280 732 3363 receptacula
752 3280 865 3344 Divini
886 3278 1034 3343 Humani
1054 3279 1173 3362 Ipsius.
