2776 5040
131 1120 486 1267 [CANONES
529 1120 771 1249 NOVAE
814 1120 1249 1266 ECCLESIAE]

549 1778 834 1832 1¹1PROLOGUS.

199 1986 301 2071 Quod
330 1986 432 2052 hodie
463 2007 531 2052 non
562 1987 653 2052 aliud
686 2007 787 2071 quam
818 1984 981 2051 ¹¹¹suisona
1010 1988 1099 2052 ratio
1128 1989 1253 2054 amoris

133 2097 351 2173 instaurabit,
371 2098 449 2180 quia
468 2096 554 2179 lapsi
573 2106 661 2161 sunt.

200 2206 303 2289 Quod
326 2206 492 2270 hodierna
515 2205 662 2269 ecclesia
683 2214 775 2269 erret
801 2205 844 2269 de
872 2204 958 2281 Deo,
983 2205 1074 2289 quod
1097 2215 1186 2270 erret
1210 2207 1254 2271 de

135 2316 213 2391 ride,
233 2316 324 2401 quod
348 2325 438 2378 erret
462 2315 505 2378 de
527 2314 708 2389 charitate,
728 2324 765 2379 et
786 2314 878 2397 quod
901 2313 984 2378 nihil
1007 2315 1094 2380 sciat
1116 2315 1159 2379 de
1182 2316 1254 2379 vita

134 2435 296 2503 aeterna;
319 2425 369 2488 ita
387 2424 478 2507 quod
499 2425 543 2489 sit
562 2425 595 2487 in
614 2423 771 2506 caligine.

199 2531 301 2616 Quod
318 2554 417 2616 super
429 2533 506 2596 idea
518 2533 582 2596 Dei
599 2541 675 2596 tota
690 2532 810 2615 religio
825 2532 994 2609 fundetur,
1008 2542 1044 2598 et
1060 2533 1151 2618 quod
1167 2532 1253 2598 haec

116 2638 323 2723 ‚¹³¹sequatur
341 2637 528 2702 secundum
546 2636 651 2700 illam.

200 2745 301 2830 Quod
327 2746 413 2810 haec
438 2744 587 2809 ecclesia
613 2746 658 2809 sit
684 2745 856 2828 adquam
884 2745 972 2810 sicut
999 2742 1254 2811 ¹⁴¹collinearunt

135 2876 257 2920 omnes
272 2854 438 2919 ecclesiae
455 2874 477 2917 a
493 2854 601 2937 prima
616 2853 649 2916 in
662 2853 802 2933 ordine;
825 2853 868 2918 de
885 2875 950 2937 qua
967 2853 1089 2918 Daniel
1106 2854 1253 2937 prophe·

135 2965 235 3031 tavit.

188 3208 314 3274 ¹⁵¹Nova
327 3207 486 3273 Ecclesia
497 3227 566 3271 non
579 3207 691 3290 potuit
703 3207 883 3272 instaurari
899 3216 1084 3292 antequam
1097 3207 1254 3274 ultimum

132 3320 294 3403 judicium
323 3315 497 3402 peratium
522 3327 608 3394 erat,
628 3337 673 3381 ex
698 3336 800 3381 causa
823 3337 866 3381 ne
888 3316 1108 3400 profanentur
1125 3317 1254 3384 sancta.

135 3429 233 3494 Tunc
250 3428 452 3512 promissum
468 3426 559 3510 quod
577 3446 696 3490 sensus
709 3425 894 3509 spiritualis
906 3424 1013 3491 Verbi
1029 3427 1254 3510 detegendus,

136 3548 172 3603 et
194 3535 300 3620 [quod
319 3533 568 3618 detegendum]
586 3535 677 3618 quod
696 3535 788 3599 solus
808 3535 976 3599 Dominus
997 3533 1072 3618 [sit]
1089 3536 1254 3613 Verbum,

136 3645 230 3729 cujus
248 3646 418 3710 adventus
436 3654 517 3709 tunc
537 3642 586 3709 fit.

200 3753 302 3836 Quod
329 3753 419 3836 apud
447 3773 576 3836 paucos
598 3751 700 3817 hodie
724 3753 769 3818 sit
795 3752 926 3835 religio,
950 3762 1003 3818 est
1030 3774 1076 3818 ex
1100 3773 1258 3831 causa,—

138 3862 201 3948 (1.)
233 3860 336 3944 Quod
364 3882 433 3925 non
457 3862 584 3926 sciatur
609 3862 652 3926 de
680 3861 830 3926 Domino
855 3862 947 3945 quod
973 3862 1019 3927 sit
1045 3861 1137 3926 solus
1163 3862 1258 3927 Deus

136 3992 282 4057 persona
304 3980 340 4035 et
368 3971 530 4047 essentia,
554 3970 588 4034 in
614 3991 681 4054 quo
704 3969 878 4049 Trinitas;
906 3989 982 4035 cum
1007 3981 1123 4036 tamen
1146 3972 1257 4037 omnis

136 4080 256 4164 religio
271 4079 431 4143 fundatur
448 4100 548 4163 super
563 4080 764 4160 cognitione
783 4080 859 4155 Dei,
873 4100 912 4144 ac
930 4080 1040 4163 Ipsius
1055 4076 1257 4145 adoratione

136 4200 172 4255 et
195 4189 310 4254 cultu:
347 4186 409 4272 (2.)
438 4185 540 4270 Quod
564 4208 633 4253 non
652 4189 779 4254 sciatur
796 4190 888 4272 quod
906 4187 991 4253 fides
1011 4208 1080 4253 non
1098 4188 1189 4254 aliud
1212 4190 1258 4255 sit

137 4316 238 4382 quarn
257 4297 396 4374 veritas,
413 4306 449 4362 et
473 4297 564 4380 quod
583 4316 651 4361 non
670 4297 798 4363 sciatur
821 4317 901 4361 num
924 4296 990 4362 hoc
1013 4298 1104 4380 quod
1127 4308 1256 4363 vocant

138 4407 238 4473 fidem
266 4407 311 4472 sit
339 4407 466 4472 veritas
494 4406 550 4471 vei
577 4426 666 4472 non:
706 4405 767 4492 (3.)
800 4404 903 4490 Quod
930 4426 998 4472 non
1021 4405 1149 4472 sciatur
1175 4406 1254 4491 quid
