2776 5040
548 493 600 547 DE
621 488 852 542 CHARITATE.
1216 503 1261 570 47

134 658 263 723 dantur
278 668 315 724 et
331 659 499 738 furantur3
523 668 601 723 sunt
617 658 736 723 sinceri
752 659 785 722 in
800 661 962 736 externis,
980 662 1041 724 sed
1057 663 1211 727 insinceri
1227 666 1260 728 in

133 754 279 817 internis
291 775 299 830 ;
324 774 411 828 usus,
425 774 509 835 quos
520 752 644 816 faciunt
660 754 694 816 in
707 752 824 817 officiis
839 764 875 818 et
888 756 1079 820 muneribus
1091 759 1168 831 suis,
1182 769 1261 823 sunt

133 847 201 910 illis
213 847 353 929 jucundi
369 857 404 911 et
419 847 553 912 amoeni
564 848 651 912 sicut
666 858 744 911 sunt
761 857 912 913 stercora
926 850 1050 923 suibus,
1065 870 1175 914 mures
1186 851 1260 915 seli·

134 941 212 1019 bus;
228 943 396 1024 aspiciunt
412 941 566 1005 homines
581 942 667 1005 sicut
684 942 780 1022 tigris
794 951 853 1006 aut
873 941 970 1023 lupus
986 963 1094 1024 agnos
1110 955 1144 1008 et
1168 966 1260 1018 oves,

134 1037 266 1118 quossi
282 1045 424 1125 possunt
440 1036 605 1099 devorant
619 1057 626 1113 ;
650 1036 775 1098 bonum
791 1056 870 1099 usus
893 1056 961 1100 non
984 1038 1094 1100 sciunt
1111 1039 1201 1120 quod
1217 1040 1261 1103 sit

134 1128 273 1213 aliquid.
319 1129 383 1193 Est
396 1129 580 1212 jucundum
596 1140 630 1193 et
646 1148 825 1193 amoenum
842 1129 1003 1194 infernale
1016 1132 1049 1193 in
1062 1130 1194 1195 illorum
1210 1133 1261 1196 di-

134 1225 314 1302 versoriis;
331 1234 409 1288 sunt
425 1225 510 1287 sicut
527 1223 610 1286 asini
626 1223 730 1305 quiin
746 1224 851 1305 pratis
867 1233 901 1287 et
918 1226 1046 1306 campis
1064 1245 1132 1289 non
1143 1227 1261 1291 vident

134 1317 267 1402 aliquas
283 1319 519 1392 amoenitates,
536 1316 645 1379 solum
668 1326 705 1381 ut
728 1317 914 1397 depascant
936 1317 1003 1393 illa,
1020 1319 1091 1383 sive
1107 1321 1150 1383 sit
1173 1321 1261 1384 triti·

134 1430 214 1479 cum
231 1413 302 1475 sive
318 1411 483 1476 hordeum
499 1412 531 1474 in
548 1411 657 1492 spicis.
702 1409 770 1474 Sed
786 1411 870 1475 haec
883 1409 973 1475 didta
988 1422 1067 1477 sunt
1083 1412 1126 1476 de
1141 1415 1260 1478 avaris.

202 1505 244 1569 In
260 1504 325 1569 illis
337 1516 462 1580 autem,
476 1505 531 1587 qui
547 1505 654 1568 solum
667 1505 795 1569 obeunt
811 1525 949 1568 munera
965 1526 1025 1569 sua
1041 1516 1178 1588 propter
1191 1509 1261 1571 vic·

134 1608 211 1663 tum
227 1608 262 1663 et
276 1599 498 1662 necessitates
513 1600 614 1673 vitae,
628 1609 701 1662 tum
717 1599 771 1681 qui
784 1600 911 1664 obeunt
928 1599 987 1663 illa
998 1600 1106 1664 solum
1123 1612 1262 1683 propter

134 1712 263 1757 nomen
286 1703 323 1757 ut
347 1691 569 1767 celebrentur,
586 1703 621 1756 et
640 1693 688 1756 illi
704 1694 758 1775 qui
775 1693 902 1756 obeunt
924 1693 983 1757 illa
998 1693 1106 1756 solum
1123 1705 1261 1777 propter

134 1785 268 1861 salaria,
285 1787 330 1851 ob
346 1785 445 1849 finem
462 1795 498 1850 ut
519 1786 699 1861 ditescant,
716 1785 772 1849 vel
795 1796 831 1849 ut
850 1787 970 1850 ¹vivant
986 1788 1097 1868 genio,
1115 1799 1193 1852 sunt
1210 1789 1260 1853 di-

135 1882 286 1946 versoria
301 1890 600 1961 supramemorata
615 1880 679 1943 soli
695 1900 772 1943 usus
785 1902 792 1958 ;
816 1891 895 1945 sunt
907 1882 1058 1963 corporei
1074 1891 1109 1945 et
1122 1903 1260 1946 sensua-

135 1975 206 2052 les;
230 1975 365 2056 spiritus
381 1993 497 2038 eorum
513 1984 591 2037 sunt
607 1974 779 2052 immundi,
795 1975 1088 2055 concupiscentiae
1104 1984 1139 2039 et
1154 1996 1260 2058 appe-

134 2070 231 2133 titus.
276 2066 389 2150 Opera
411 2068 557 2131 muneris
579 2069 629 2131 sui
652 2078 791 2150 propter
805 2069 989 2132 diversoria
1011 2069 1157 2148 faciunt;
1180 2082 1260 2136 sunt

135 2163 292 2228 homines
308 2163 448 2237 bestiae,
466 2163 608 2239 mortui3
631 2171 666 2226 et
682 2160 792 2226 officia
807 2172 886 2227 sunt
902 2163 966 2226 illis
982 2164 1095 2241 oneri;
1119 2165 1260 2229 vicarios

135 2266 315 2340 quaerunt,
326 2258 382 2340 qui
394 2253 572 2320 sundtionis
585 2275 687 2337 opera
699 2255 824 2321 faciunt
837 2279 845 2335 ;
861 2258 963 2321 modo
976 2259 1122 2321 retinent
1136 2277 1259 2322 nomen

134 2362 172 2416 et
189 2350 360 2415 salarium.
406 2350 495 2413 Dum
512 2370 580 2414 non
603 2352 636 2413 in
652 2371 752 2432 supra
773 2351 949 2415 recensitis
965 2351 1154 2414 diversoriis
1169 2362 1259 2428 sunt,

135 2454 217 2509 sunt
248 2446 319 2508 otia
348 2453 383 2508 et
413 2445 590 2525 ignaviae3
609 2443 724 2526 jacent
754 2445 789 2507 in
818 2441 908 2508 tetro
936 2445 1063 2527 absque
1085 2445 1259 2512 meditati·

135 2559 203 2604 one
227 2538 293 2602 alia
315 2533 414 2621 quam
437 2539 607 2620 quomodo
630 2539 803 2603 inveniant
824 2540 996 2603 consortia
1011 2539 1257 2616 confabulandi,

135 2632 271 2708 edendi,
285 2632 486 2713 bibendique
500 2652 620 2709 causa;
636 2642 714 2695 sunt
727 2631 863 2713 publica
874 2652 986 2695 onera.
1032 2631 1159 2696 Omnes
1172 2634 1259 2698 tales

135 2737 217 2810 post
233 2736 379 2791 mortem
403 2725 617 2789 includuntur
632 2724 822 2807 ergastulis,
840 2727 895 2789 ubi
917 2726 979 2788 sub
991 2724 1101 2807 judice
1118 2727 1259 2791 admini-

135 2831 285 2886 stratore
308 2831 396 2894 sunt,
414 2821 469 2903 qui
491 2819 556 2883 illis
579 2821 729 2902 quotidie
752 2820 878 2883 indicat
896 2839 999 2901 opera
1014 2841 1099 2903 quae
1122 2817 1258 2899 facturn

135 2926 173 2980 et
189 2916 216 2978 si
233 2935 301 2978 non
317 2913 452 2988 faciunt,
466 2935 533 2977 non
546 2914 646 2976 datur
661 2913 725 2977 illis
738 2915 841 2991 cibus,
854 2934 915 2977 nec
929 2915 1043 2988 vestis,
1058 2935 1120 2977 nec
1137 2912 1258 2992 ledtus;

136 3020 173 3074 et
197 3009 262 3073 hoc
286 3028 389 3089 usque
421 3010 500 3071 dum
531 3007 574 3070 ad
605 3007 730 3090 aliquid
762 3007 844 3071 utile
875 3009 1045 3090 agendum
1068 3009 1258 3089 adiguntur.

137 3102 329 3168 Abundant
346 3102 473 3165 inferna
489 3102 612 3165 talibus
627 3101 816 3182 ergastulis,
834 3102 877 3165 de
893 3103 1011 3184 quibus
1027 3103 1060 3164 in
1083 3101 1147 3165 fine
1163 3102 1259 3184 hujus

136 3197 249 3278 operis
264 3195 398 3277 aliquid.
444 3194 507 3258 Illa
528 3194 702 3277 ergastula
723 3204 856 3276 putent,
873 3197 1031 3278 quoniam
1047 3198 1155 3260 omnis
1176 3198 1260 3260 odor

136 3299 255 3373 gratus
270 3300 323 3353 est
339 3310 384 3352 ex
400 3289 470 3352 vita
485 3291 607 3353 amoris
618 3289 809 3371 spiritualis,
822 3310 881 3353 seu
897 3311 941 3353 ex
954 3290 1024 3353 vita
1036 3291 1158 3353 amoris
1171 3311 1258 3354 usus.

202 3514 256 3580 De
272 3512 507 3598 conjundtione
523 3515 697 3579 charitatis
713 3525 748 3580 et
764 3513 841 3578 fidei
853 3512 966 3579 adtum
983 3525 1035 3580 est
1052 3517 1083 3578 in
1095 3515 1260 3579 Doiirina

138 3608 256 3674 Novae
263 3608 674 3691 HierosolymaedeFide,·
690 3619 763 3673 tum
774 3610 808 3672 in
817 3607 1051 3690 Explicatione
1058 3619 1158 3690 super
1166 3609 1196 3672 Α
1197 3619 1259 3690 po·

138 3704 290 3787 calypsin
299 3726 315 3778 ,·
338 3713 375 3768 ut
391 3714 425 3767 et
449 3704 482 3766 in
506 3702 683 3784 Sapientia
698 3702 861 3786 Angelica
875 3703 917 3766 de
928 3702 1059 3766 Divina
1073 3703 1259 3767 Providen-

138 3799 215 3873 tia,·
238 3808 274 3863 et
290 3799 324 3862 in
347 3797 525 3878 Sapientia
539 3796 703 3879 Angelica
724 3797 765 3860 da
784 3796 913 3860 Divino
933 3795 1110 3859 Amarea
1130 3796 1260 3861 Divina

140 3891 327 3974 Sapientia.

205 3984 356 4068 Quorum
372 3986 487 4049 omnia
508 3985 551 4048 ad
574 3986 657 4049 haec
681 3985 748 4049 duo
770 4004 808 4048 se
830 3985 995 4049 referunt:
1024 4000 1048 4047 1.
1066 3983 1168 4066 Quod
1191 4005 1259 4048 non

140 4081 239 4144 detur
248 4099 390 4162 granum
404 4079 480 4142 fidei
493 4079 672 4161 spiritualis
684 4079 812 4162 absque
821 4079 997 4154 charitate,
1009 4081 1166 4161 quoniam
1178 4079 1259 4143 cha·

140 4175 221 4238 ritas
232 4183 286 4238 est
298 4174 378 4248 vita,
389 4175 500 4237 anima
512 4183 548 4238 et
560 4174 707 4237 essentia
719 4172 815 4252 fidei;
839 4189 868 4236 2.
885 4171 986 4254 Quod
998 4172 1105 4254 qualis
1116 4182 1168 4236 est
1181 4173 1260 4236 cha·

141 4269 220 4332 ritas
236 4267 315 4332 talis
331 4269 374 4330 sit
390 4266 492 4346 fides;
516 4277 551 4332 et
564 4268 654 4350 quod
670 4266 752 4330 fides
765 4287 850 4349 quae
863 4267 1033 4347 praecedit
1047 4266 1257 4341 charitatem,

142 4362 182 4427 sit
197 4361 283 4426 fides
298 4363 543 4443 cognitionum,
557 4382 642 4444 quae
657 4369 710 4424 est
726 4358 809 4425 fides
825 4360 993 4434 historica,
1007 4360 1040 4422 in
1056 4379 1092 4423 se
1107 4360 1257 4424 scientia.
