2776 5040
293 489 343 540 ns
359 487 527 540 snscuto
543 486 671 539 tunso
686 486 1025 538 MEMORABILE.—N.
1043 487 1092 553 37.
1206 489 1250 553 49

154 668 185 691 ⁴⁸⁴
196 659 231 715 In
251 660 352 714 eundo
364 657 426 712 vidi
445 673 462 711 e
482 657 648 780 lonqinquo
660 667 721 711 tres
735 672 843 726 pueros
861 667 893 710 et
911 667 971 710 tres
984 655 1097 726 puellas
1109 656 1248 712 sedentes

133 732 171 786 ad
183 731 307 813 januam
321 729 366 783 sui
380 730 540 782 tabernacu
555 728 579 788 i;
599 728 650 782 sed
665 727 708 781 illi
720 739 751 781 et
765 728 840 788 illae,
853 743 921 781 cum
935 727 1248 796 appropinquavimus,

133 801 190 856 visr
205 811 276 855 sunt
289 799 366 854 sicut
379 798 433 851 viri
454 809 484 852 et
504 798 642 852 mulieres
662 798 777 852 mediae
790 808 930 851 staturae.
968 796 1006 851 Et
1025 798 1100 851 dixit
1118 798 1248 868 angelus.

133 871 265 926 ‘Omnes
278 870 392 922 incolae
413 869 502 937 hujus
516 868 628 921 montis
640 879 784 937 apparent
803 884 819 921 e
839 868 1003 937 longinquo
1016 867 1093 922 sicut
1113 867 1248 929 infantes,

132 937 1249 1064 mig-⁸¹²3?innssfenfiffewm'oeinfafftiat‘ff·appa‘tenfifiissnoeessfiae'·

187 1020 194 1040 ⁸
246 1028 254 1063 1
279 1026 334 1063 vin
357 1025 397 1063 no
419 1025 443 1062 rs
463 1025 532 1062 vrsrs
554 1024 730 1062 accurrerun
746 1025 789 1069 ,e
847 1024 973 1069 rxerun,
1039 1025 1057 1061 n
1081 1025 1097 1062 e
1119 1025 1151 1063 es
1167 1025 1199 1070 rs.
1218 1020 1250 1064 et

132 1080 289 1152 quomodo
308 1080 366 1133 huc
384 1077 529 1133 venistis?
556 1077 658 1132 Facies
671 1088 787 1132 vestrae
806 1094 866 1132 non
885 1088 956 1132 sunt
974 1093 991 1131 e
1010 1077 1142 1133 faciebus
1160 1079 1250 1150 hujus

134 1151 266 1206 montis!

167 1221 255 1274 ·“Ar
272 1220 396 1290 angelus
409 1219 518 1280 retulit,
531 1230 563 1272 et
582 1218 712 1272 narravit
730 1219 848 1288 copiam
866 1233 1001 1273 accessus
1020 1234 1074 1301 per
1091 1218 1206 1281 silvam,
1218 1230 1250 1274 et

131 1307 253 1346 causam
267 1291 422 1344 adventus.
459 1289 575 1360 Quibus
587 1289 707 1350 auditis,
721 1306 797 1343 unus
816 1306 852 1343 ex
871 1290 967 1343 tribus
979 1289 1050 1343 viris
1063 1289 1202 1344 invitavit
1219 1301 1250 1346 et

133 1360 303 1415 introduxit
316 1377 372 1414 nos
383 1360 412 1412 in
425 1360 649 1413 tabernaculum
662 1375 759 1413 suum.
796 1359 850 1412 Vir
861 1370 924 1414 erat
937 1359 1060 1413 indutus
1075 1360 1166 1429 pallio
1178 1361 1250 1431 hya-

131 1431 262 1487 cinthini
271 1431 388 1491 coloris,
399 1446 433 1484 ac
443 1430 544 1484 tunica
557 1446 594 1483 ex
604 1430 672 1483 lana
684 1430 818 1483 candida.
858 1429 895 1483 Et
905 1430 970 1499 ejus
979 1445 1055 1483 uxor
1065 1441 1128 1484 erat
1141 1429 1250 1486 amitia

132 1514 207 1573 toga
262 1517 374 1570 rpurea‚
388 1512 419 1554 et
431 1503 534 1554 subter
546 1501 649 1553 tunica
661 1497 804 1569 pediorali
817 1517 853 1554 ex
867 1502 955 1569 bysso
967 1499 1114 1569 acupitlo.

189 1519 370 1642 “liquiain
379 1571 562 1641 cogitatione
571 1570 1102 1639 meaeratdesideriumcognoscendi
1111 1570 1251 1641 conjugia

132 1642 418 1712 antiquissimorum.
433 1642 568 1695 intuebar
582 1656 632 1710 per
644 1641 725 1694 vices
738 1641 876 1694 maritum
890 1650 921 1694 et
934 1656 1066 1700 uxorem.
1077 1651 1107 1695 et
1117 1642 1250 1695 animad-

132 1713 211 1767 verti
230 1711 314 1782 quasi
334 1712 480 1764 unitatem
494 1712 659 1766 animarum
679 1710 798 1764 illorum
819 1711 848 1764 in
868 1709 1013 1770 faciebus:
1039 1721 1071 1764 et
1089 1711 1159 1772 dixi,
1174 1711 1251 1767 ‘Vos

134 1784 198 1837 duo
211 1782 284 1836 estis
297 1781 407 1834 unum.¹

190 1852 255 1906 “Et
274 1852 427 1920 respondit
445 1851 497 1912 vir.
512 1850 639 1905 ‘Sumus
658 1867 766 1912 unum:
787 1860 833 1905 est
846 1850 926 1904 illius
938 1850 1001 1903 vita
1020 1851 1049 1903 in
1063 1866 1119 1912 me,
1134 1861 1165 1906 et
1184 1868 1251 1906 mea

134 1923 166 1977 in
185 1923 249 1985 illa;
267 1939 369 1976 sumus
382 1923 443 1975 duo
456 1937 588 1990 corpora,
602 1922 654 1974 sed
668 1937 728 1974 una
739 1921 853 1983 anima;
871 1930 918 1974 est
931 1921 1003 1974 unio
1016 1922 1093 1975 inter
1106 1938 1161 1976 nos
1174 1923 1250 1977 sicut

132 1993 314 2048 estduorum
325 1993 523 2045 tentoriorum
537 1993 566 2045 in
581 1989 708 2061 pedore,
722 2003 798 2061 quae
807 2001 953 2045 vocantur
961 2007 1013 2044 cor
1021 2001 1052 2045 et
1064 1992 1181 2061 pulmo;
1201 1993 1251 2047 illa

133 2075 182 2118 est
272 2063 399 2133 nchyma
412 2063 469 2116 mei
482 2063 589 2124 cordis,
603 2073 633 2116 et
651 2079 708 2132 ego
726 2079 792 2116 sum
805 2061 884 2115 iliius
897 2061 1013 2130 pulmo:
1038 2063 1091 2116 sed
1111 2063 1181 2132 quia
1199 2079 1251 2132 per

133 2151 186 2188 cor
198 2080 454 2203 &intelligimus
467 2149 607 2194 amorem,
621 2142 652 2187 et
671 2149 723 2202 per
729 2132 894 2202 pulmonem
907 2132 1083 2201 sapientiam
1099 2134 1185 2201 (haec
1199 2150 1251 2204 per

135 2205 188 2258 illa
213 2203 406 2273 intelligimus
432 2214 553 2272 propter
575 2201 892 2272 correspondentiam),
914 2211 960 2256 est
985 2202 1035 2255 illa
1058 2219 1142 2256 amor
1167 2219 1250 2257 meae

133 2273 307 2343 sapientiae.
318 2284 349 2327 et
361 2289 418 2343 ego
428 2290 494 2327 sum
508 2273 654 2342 sapientia
665 2274 730 2342 ejus
743 2272 861 2326 amoris.
900 2271 1069 2333 1nde,sicut
1082 2273 1191 2335 dixisti,
1205 2284 1251 2328 est

134 2344 310 2414 apparentia
322 2344 445 2398 unitatis
463 2344 629 2397 animarum
649 2344 679 2396 in
700 2342 830 2397 iaciebus
849 2342 966 2397 nostris.
1005 2342 1078 2396 Inde
1098 2344 1183 2398 nobis
1203 2344 1251 2398 hic

133 2425 198 2468 tarn
208 2414 389 2484 impossibile
398 2424 443 2467 est
451 2411 584 2483 speflare
592 2413 721 2495 aliquam
731 2429 853 2468 uxorem
861 2412 992 2467 consocii
1004 2413 1033 2465 in
1043 2413 1165 2468 libidine
1174 2415 1251 2468 sicut

134 2494 215 2539 ests
255 2482 333 2537 (tare
353 2484 449 2537 lucem
469 2483 563 2537 nostri
583 2483 655 2536 caeli
669 2499 706 2538 ex
718 2484 822 2537 umbra
834 2483 992 2537 Tartarea!

190 2562 206 2583 ‘⁸
242 2553 340 2607 tdixit
351 2554 424 2607 mihi
434 2555 564 2625 angelus,
575 2553 686 2607 'Audis
696 2569 776 2607 nunc
788 2555 936 2623 loquelam
949 2554 1055 2606 horum
1067 2553 1250 2625 angelorum,

133 2625 218 2697 quod
232 2624 272 2679 sit
284 2623 403 2693 loquela
415 2625 585 2693 sapientiae,
599 2623 670 2693 quia
683 2624 846 2693 loquuntur
858 2640 894 2677 ex
906 2624 1021 2678 causis!

190 2694 274 2750 “His
292 2692 388 2753 dietis.
402 2694 464 2747 vidi
483 2696 578 2748 lucem
599 2710 736 2764 magnam
755 2711 844 2764 super
862 2694 938 2747 colle
958 2694 1035 2749 inter
1047 2695 1251 2758 tabernacula;

134 2777 167 2822 et
180 2765 322 2836 quaesivi,
337 2763 442 2818 ‘Unde
456 2765 505 2817 illa
518 2764 596 2818 luxi'

190 2845 206 2866 ‘⁸
217 2835 307 2896 Dixit,
322 2834 381 2888 ‘Ex
393 2831 561 2888 sandluario
574 2834 756 2888 tabernaculi
770 2834 863 2888 nostri
876 2834 992 2888 cultus.'

189 2914 206 2935 ⁴‘
216 2906 254 2960 Et
264 2905 441 2975 interrogavi
453 2921 523 2957 num
538 2905 625 2959 liceat
638 2906 794 2966 accedere:
813 2916 843 2959 et
853 2905 929 2958 dixit
942 2904 1023 2974 quod
1037 2905 1139 2966 liceat;
1157 2916 1189 2959 er
1201 2921 1250 2960 ac-

133 2977 220 3038 cessi.
233 2987 264 3031 et
282 2976 343 3030 vidi
357 2975 578 3029 tabernaculum
598 2987 682 3030 extra
699 2986 730 3029 et
750 2976 827 3028 intra
838 2977 1002 3029 secundum
1016 2975 1248 3044 descriptionem

135 3063 257 3119 prorsus
269 3045 365 3100 simile
375 3046 579 3101 Tabernaculo
589 3046 671 3117 quod
687 3062 741 3114 pro
750 3045 817 3098 filiis
838 3045 954 3099 Israelis
968 3045 996 3098 in
1016 3046 1136 3099 deserto
1148 3046 1250 3099 aedifi·

133 3128 245 3178 catum,
257 3117 343 3186 cujus
356 3115 452 3169 forma
468 3116 545 3169 Mosi
564 3133 653 3185 super
672 3116 776 3170 Monte
796 3114 876 3169 Sinai
897 3124 1060 3169 monstrata
1079 3125 1125 3169 est
1144 3115 1250 3184 (Exod.

134 3204 203 3243 xxv.
216 3201 265 3252 4ο;
283 3202 347 3256 cap.
360 3185 438 3240 xxvi.
452 3187 507 3253 30).
546 3185 582 3239 Et
595 3187 737 3256 quaesivi,
751 3185 846 3256 ‘Quid
859 3187 939 3239 intus
953 3186 982 3238 in
995 3184 1164 3239 sanctuario
1176 3187 1249 3255 ejus,

135 3258 216 3313 unde
229 3268 314 3311 tanta
327 3257 376 3309 lux
385 3256 405 3310 ?¹

190 3328 252 3381 “Et
272 3327 433 3397 respondit,
448 3325 518 3379 ‘Est
536 3327 637 3380 tabula
655 3328 702 3380 cui
723 3326 895 3396 inscriptum
913 3336 960 3380 est
972 3325 1084 3379 Foedus
1101 3327 1179 3379 inter
1190 3327 1250 3380 Do·

135 3401 250 3452 minum
269 3397 394 3470 Jehovih
408 3403 436 3449 et
449 3396 585 3449 Caelum!
623 3397 712 3451 Plura
725 3413 785 3450 non
799 3397 882 3449 dixit.

190 3468 254 3521 “Et
273 3479 344 3520 tunc
362 3466 494 3536 quaesivi
519 3467 585 3521 illos
603 3467 640 3521 de
661 3467 791 3521 Domino
815 3466 943 3537 Jehovih
965 3482 1054 3535 quem
1073 3467 1191 3529 colunt:
1219 3478 1251 3522 et

136 3539 207 3601 dixi.
222 3538 329 3592 ‘Estne
345 3536 425 3591 Deus
440 3536 537 3597 Pater,
551 3536 675 3591 Creator
687 3538 815 3590 universi
824 3536 845 3590 ?'

189 3618 206 3638 ¹⁴
216 3609 253 3662 Et
267 3609 491 3678 responderunt,
512 3606 581 3661 ‘Est
589 3620 602 3668 ς·
621 3607 673 3661 sed
689 3624 743 3660 nos
757 3624 809 3676 per
823 3608 979 3659 Domr'num
999 3606 1126 3677 Jehovr'lr
1142 3606 1250 3662 intelli·

158 3681 235 3734 imus
252 3679 397 3750 Jehovam
418 3678 446 3730 in
466 3694 521 3732 suo
542 3676 697 3739 Humano;
722 3694 781 3731 non
795 3677 874 3730 enim
894 3693 1053 3746 possumus
1065 3677 1195 3746 aspicere
1212 3678 1250 3732 ad

135 3698 281 3874 {ehovam
296 3748 325 3801 in
340 3749 445 3802 intima
457 3765 511 3802 sua
524 3747 695 3808 Divinitate.
709 3748 765 3801 nisi
779 3763 868 3817 quam
882 3763 934 3816 per
948 3746 1120 3801 Humanum
1136 3747 1250 3817 Ipsius.'

164 3831 259 3874 ttunc
268 3819 474 3888 explicuerunt
484 3819 564 3888 quod
576 3819 793 3879 intellexerunt.
802 3827 833 3872 et
841 3834 960 3887 quoque
971 3817 1060 3872 hodie
1072 3818 1250 3888 intelligunt,

138 3907 191 3961 per

278 3960 366 4006 Semen
377 3960 482 4005 mulieris
492 3961 560 4017 quod
570 3960 722 4006 conculcabit
732 3967 805 4018 caput
815 3959 930 4018 serpentis
954 3959 1025 4018 (Gerr.
1033 3959 1065 4006 iii.
1076 3960 1114 4017 15)
1124 3975 1129 4014 ;

136 4073 285 4135 videlicet,
295 4073 376 4143 quod
391 4072 553 4127 Dominum
563 4072 690 4144 Jehovih
701 4084 858 4126 venturum
873 4073 902 4125 in
917 4074 1070 4135 mundum,
1082 4073 1251 4143 redemptu-

138 4163 202 4199 rum
213 4156 244 4199 et
256 4145 437 4198 salvaturum
448 4145 612 4213 omnesqui
623 4144 812 4197 crediderunt
822 4154 852 4196 et
865 4144 1003 4197 credituri
1015 4155 1085 4197 sunt
1098 4144 1127 4196 in
1140 4143 1250 4212 Ipsum.

189 4223 206 4244 ⁴⁴
216 4214 273 4269 His
285 4214 382 4268 edatis
392 4215 521 4267 cucurrit
531 4215 576 4267 vir
585 4215 622 4268 ad
636 4215 845 4268 tabernacuum
861 4231 956 4275 suum,
967 4224 997 4267 et
1010 4214 1098 4268 rediit
1107 4230 1175 4268 cum
1190 4230 1251 4268 ma·

138 4287 301 4356 logranato‚
322 4285 351 4337 in
371 4300 431 4354 quo
450 4283 507 4338 iuit
524 4286 611 4354 copia
623 4284 768 4339 seminum
788 4301 824 4337 ex
843 4301 929 4345 auro:
957 4295 987 4337 et
1004 4284 1135 4344 donavit,
1149 4294 1180 4338 et
1200 4285 1250 4338 de·

139 4355 272 4426 portavi;
299 4355 380 4425 quod
394 4364 457 4408 erat
469 4355 587 4422 signum
602 4355 681 4422 quod
702 4354 844 4408 fuerimus
857 4370 924 4407 cum
940 4355 1060 4425 illisqui
1081 4355 1110 4407 in
1125 4353 1250 4408 Saeculo

140 4427 240 4480 Aureo
252 4425 417 4479 vixerunt.”
438 4425 774 4495 [Videaturopusculum
784 4425 820 4478 de
828 4425 936 4479 Amore
951 4424 1128 4495 ConJrrgr‘aH,
1143 4441 1170 4478 n.
1184 4426 1236 4493 75]
