<?xml version="1.0" encoding="UTF-8"?>
<!DOCTYPE html PUBLIC "-//W3C//DTD XHTML 1.0 Transitional//EN"
    "http://www.w3.org/TR/xhtml1/DTD/xhtml1-transitional.dtd">
<html xmlns="http://www.w3.org/1999/xhtml" xml:lang="en" lang="en">
 <head>
  <title>
</title>
<meta http-equiv="Content-Type" content="text/html;charset=utf-8" />
  <meta name='ocr-system' content='tesseract 3.04.00' />
  <meta name='ocr-capabilities' content='ocr_page ocr_carea ocr_par ocr_line ocrx_word'/>
</head>
<body>
  <div class='ocr_page' id='page_1' title='image "./denovahiersosol00swedgoog_0066.png"; bbox 0 0 2776 5040; ppageno 0'>
   <div class='ocr_carea' id='block_1_1' title="bbox 323 459 1254 547">
    <p class='ocr_par' dir='ltr' id='par_1_1' title="bbox 323 459 1254 547">
     <span class='ocr_line' id='line_1_1' title="bbox 323 459 1254 547; baseline -0.002 -20"><span class='ocrx_word' id='word_1_1' title='bbox 323 473 373 527; x_wconf 75' lang='lat' dir='ltr'>aa</span> <span class='ocrx_word' id='word_1_2' title='bbox 394 474 479 544; x_wconf 70' lang='lat' dir='ltr'>EJus</span> <span class='ocrx_word' id='word_1_3' title='bbox 500 473 699 528; x_wconf 76' lang='lat' dir='ltr'>noemma</span> <span class='ocrx_word' id='word_1_4' title='bbox 720 473 996 528; x_wconf 65' lang='lat' dir='ltr'>contestu-n.</span> <span class='ocrx_word' id='word_1_5' title='bbox 1011 459 1063 547; x_wconf 89' lang='lat'>69.</span> <span class='ocrx_word' id='word_1_6' title='bbox 1216 474 1254 547; x_wconf 75' lang='lat'>55</span> 
     </span>
    </p>
   </div>
   <div class='ocr_carea' id='block_1_2' title="bbox 276 933 1122 1247">
    <p class='ocr_par' dir='ltr' id='par_1_2' title="bbox 276 933 1122 1247">
     <span class='ocr_line' id='line_1_2' title="bbox 664 933 728 1020; baseline 0 0"><span class='ocrx_word' id='word_1_7' title='bbox 664 933 728 1020; x_wconf 78' lang='lat' dir='ltr'>[u]</span> 
     </span>
     <span class='ocr_line' id='line_1_3' title="bbox 276 1170 1122 1247; baseline -0.001 0"><span class='ocrx_word' id='word_1_8' title='bbox 276 1171 351 1247; x_wconf 93' lang='lat' dir='ltr'>DE</span> <span class='ocrx_word' id='word_1_9' title='bbox 384 1170 667 1247; x_wconf 87' lang='lat' dir='ltr'><strong>AMORIBUS</strong></span> <span class='ocrx_word' id='word_1_10' title='bbox 702 1171 791 1247; x_wconf 88' lang='lat' dir='ltr'>SUI</span> <span class='ocrx_word' id='word_1_11' title='bbox 827 1170 894 1246; x_wconf 87' lang='lat' dir='ltr'>ET</span> <span class='ocrx_word' id='word_1_12' title='bbox 928 1171 1122 1247; x_wconf 89' lang='lat' dir='ltr'><strong>MUNDI.</strong></span> 
     </span>
    </p>
   </div>
   <div class='ocr_carea' id='block_1_3' title="bbox 107 1519 1258 4495">
    <p class='ocr_par' dir='ltr' id='par_1_3' title="bbox 134 1519 1256 2427">
     <span class='ocr_line' id='line_1_4' title="bbox 134 1519 198 1586; baseline 0 0"><span class='ocrx_word' id='word_1_13' title='bbox 134 1519 198 1586; x_wconf 61' lang='grc' dir='ltr'>θαι</span> 
     </span>
     <span class='ocr_line' id='line_1_5' title="bbox 245 1583 1256 1662; baseline 0 -12"><span class='ocrx_word' id='word_1_14' title='bbox 245 1583 351 1651; x_wconf 90' lang='lat' dir='ltr'>MOR</span> <span class='ocrx_word' id='word_1_15' title='bbox 373 1585 423 1649; x_wconf 89' lang='lat' dir='ltr'>sui</span> <span class='ocrx_word' id='word_1_16' title='bbox 445 1595 500 1651; x_wconf 89' lang='lat' dir='ltr'>est</span> <span class='ocrx_word' id='word_1_17' title='bbox 523 1585 585 1650; x_wconf 88' lang='lat' dir='ltr'>sibi</span> <span class='ocrx_word' id='word_1_18' title='bbox 608 1585 672 1650; x_wconf 89' lang='lat' dir='ltr'>soli</span> <span class='ocrx_word' id='word_1_19' title='bbox 699 1587 788 1651; x_wconf 87' lang='lat' dir='ltr'>bene</span> <span class='ocrx_word' id='word_1_20' title='bbox 806 1585 907 1662; x_wconf 89' lang='lat' dir='ltr'>velle,</span> <span class='ocrx_word' id='word_1_21' title='bbox 926 1595 963 1651; x_wconf 90' lang='lat' dir='ltr'>et</span> <span class='ocrx_word' id='word_1_22' title='bbox 992 1606 1061 1651; x_wconf 95' lang='lat' dir='ltr'>non</span> <span class='ocrx_word' id='word_1_23' title='bbox 1090 1586 1164 1651; x_wconf 89' lang='lat' dir='ltr'>aliis</span> <span class='ocrx_word' id='word_1_24' title='bbox 1192 1587 1256 1650; x_wconf 91' lang='lat' dir='ltr'>nisi</span> 
     </span>
     <span class='ocr_line' id='line_1_6' title="bbox 136 1582 1256 1859; baseline -0.002 -114"><span class='ocrx_word' id='word_1_25' title='bbox 136 1582 278 1859; x_wconf 66' lang='grc' dir='ltr'>Α</span> <span class='ocrx_word' id='word_1_26' title='bbox 310 1690 452 1765; x_wconf 90' lang='lat' dir='ltr'>propter</span> <span class='ocrx_word' id='word_1_27' title='bbox 474 1701 532 1759; x_wconf 90' lang='lat' dir='ltr'>se;</span> <span class='ocrx_word' id='word_1_28' title='bbox 563 1700 606 1745; x_wconf 87' lang='lat' dir='ltr'>ne</span> <span class='ocrx_word' id='word_1_29' title='bbox 630 1681 766 1764; x_wconf 89' lang='lat' dir='ltr'>quidem</span> <span class='ocrx_word' id='word_1_30' title='bbox 790 1679 967 1756; x_wconf 88' lang='lat' dir='ltr'>ecclesiae,</span> <span class='ocrx_word' id='word_1_31' title='bbox 991 1681 1132 1763; x_wconf 86' lang='lat' dir='ltr'>patriae,</span> <span class='ocrx_word' id='word_1_32' title='bbox 1156 1679 1256 1745; x_wconf 92' lang='lat' dir='ltr'>alicui</span> 
     </span>
     <span class='ocr_line' id='line_1_7' title="bbox 308 1774 1256 1850; baseline 0.001 -11"><span class='ocrx_word' id='word_1_33' title='bbox 308 1775 467 1840; x_wconf 88' lang='lat' dir='ltr'>societati</span> <span class='ocrx_word' id='word_1_34' title='bbox 489 1776 669 1850; x_wconf 86' lang='lat' dir='ltr'>humanae,</span> <span class='ocrx_word' id='word_1_35' title='bbox 690 1784 749 1839; x_wconf 93' lang='lat' dir='ltr'>aut</span> <span class='ocrx_word' id='word_1_36' title='bbox 767 1775 918 1839; x_wconf 89' lang='lat' dir='ltr'>concivi:</span> <span class='ocrx_word' id='word_1_37' title='bbox 943 1783 980 1839; x_wconf 92' lang='lat' dir='ltr'>ut</span> <span class='ocrx_word' id='word_1_38' title='bbox 1003 1784 1038 1839; x_wconf 92' lang='lat' dir='ltr'>et</span> <span class='ocrx_word' id='word_1_39' title='bbox 1061 1774 1127 1839; x_wconf 86' lang='lat' dir='ltr'>illis</span> <span class='ocrx_word' id='word_1_40' title='bbox 1149 1775 1256 1840; x_wconf 92' lang='lat' dir='ltr'>bene·</span> 
     </span>
     <span class='ocr_line' id='line_1_8' title="bbox 307 1869 1256 1954; baseline 0.001 -20"><span class='ocrx_word' id='word_1_41' title='bbox 307 1871 419 1935; x_wconf 87' lang='lat' dir='ltr'>facere</span> <span class='ocrx_word' id='word_1_42' title='bbox 438 1869 548 1933; x_wconf 91' lang='lat' dir='ltr'>solum</span> <span class='ocrx_word' id='word_1_43' title='bbox 568 1878 708 1952; x_wconf 89' lang='lat' dir='ltr'>propter</span> <span class='ocrx_word' id='word_1_44' title='bbox 726 1870 777 1933; x_wconf 92' lang='lat' dir='ltr'>sui</span> <span class='ocrx_word' id='word_1_45' title='bbox 793 1869 930 1944; x_wconf 87' lang='lat' dir='ltr'>samam,</span> <span class='ocrx_word' id='word_1_46' title='bbox 945 1870 1109 1934; x_wconf 90' lang='lat' dir='ltr'>honorem</span> <span class='ocrx_word' id='word_1_47' title='bbox 1125 1879 1162 1935; x_wconf 93' lang='lat' dir='ltr'>et</span> <span class='ocrx_word' id='word_1_48' title='bbox 1177 1870 1256 1954; x_wconf 83' lang='lat' dir='ltr'>glo·</span> 
     </span>
     <span class='ocr_line' id='line_1_9' title="bbox 135 1962 1255 2049; baseline -0.003 -17"><span class='ocrx_word' id='word_1_49' title='bbox 135 1967 241 2043; x_wconf 88' lang='lat' dir='ltr'>riam;</span> <span class='ocrx_word' id='word_1_50' title='bbox 264 1986 351 2049; x_wconf 90' lang='lat' dir='ltr'>quae</span> <span class='ocrx_word' id='word_1_51' title='bbox 370 1964 434 2027; x_wconf 91' lang='lat' dir='ltr'>nisi</span> <span class='ocrx_word' id='word_1_52' title='bbox 451 1964 546 2027; x_wconf 88' lang='lat' dir='ltr'>videt</span> <span class='ocrx_word' id='word_1_53' title='bbox 569 1964 603 2026; x_wconf 92' lang='lat' dir='ltr'>in</span> <span class='ocrx_word' id='word_1_54' title='bbox 623 1964 721 2027; x_wconf 91' lang='lat' dir='ltr'>bonis</span> <span class='ocrx_word' id='word_1_55' title='bbox 748 1983 836 2046; x_wconf 92' lang='lat' dir='ltr'>quae</span> <span class='ocrx_word' id='word_1_56' title='bbox 854 1963 921 2026; x_wconf 92' lang='lat' dir='ltr'>illis</span> <span class='ocrx_word' id='word_1_57' title='bbox 939 1962 1031 2038; x_wconf 86' lang='lat' dir='ltr'>iacit,</span> <span class='ocrx_word' id='word_1_58' title='bbox 1049 1963 1133 2028; x_wconf 91' lang='lat' dir='ltr'>dicit</span> <span class='ocrx_word' id='word_1_59' title='bbox 1151 1965 1255 2030; x_wconf 89' lang='lat' dir='ltr'>corde</span> 
     </span>
     <span class='ocr_line' id='line_1_10' title="bbox 136 2057 1255 2143; baseline -0.002 -18"><span class='ocrx_word' id='word_1_60' title='bbox 136 2081 208 2136; x_wconf 89' lang='lat' dir='ltr'>suo,</span> <span class='ocrx_word' id='word_1_61' title='bbox 223 2058 315 2143; x_wconf 85' lang='lat' dir='ltr'>Quid</span> <span class='ocrx_word' id='word_1_62' title='bbox 330 2059 442 2133; x_wconf 82' lang='lat' dir='ltr'>refert,</span> <span class='ocrx_word' id='word_1_63' title='bbox 460 2077 518 2121; x_wconf 96' lang='lat' dir='ltr'>cur</span> <span class='ocrx_word' id='word_1_64' title='bbox 533 2057 611 2133; x_wconf 92' lang='lat' dir='ltr'>hoc,</span> <span class='ocrx_word' id='word_1_65' title='bbox 625 2066 662 2122; x_wconf 90' lang='lat' dir='ltr'>et</span> <span class='ocrx_word' id='word_1_66' title='bbox 676 2058 756 2141; x_wconf 92' lang='lat' dir='ltr'>quid</span> <span class='ocrx_word' id='word_1_67' title='bbox 772 2058 852 2122; x_wconf 90' lang='lat' dir='ltr'>inde</span> <span class='ocrx_word' id='word_1_68' title='bbox 868 2057 974 2121; x_wconf 80' lang='lat' dir='ltr'>mihi?</span> <span class='ocrx_word' id='word_1_69' title='bbox 997 2067 1032 2122; x_wconf 89' lang='lat' dir='ltr'>et</span> <span class='ocrx_word' id='word_1_70' title='bbox 1049 2058 1096 2121; x_wconf 92' lang='lat' dir='ltr'>sic</span> <span class='ocrx_word' id='word_1_71' title='bbox 1113 2060 1255 2123; x_wconf 88' lang='lat' dir='ltr'>omittit.</span> 
     </span>
     <span class='ocr_line' id='line_1_11' title="bbox 138 2152 1256 2237; baseline -0.004 -16"><span class='ocrx_word' id='word_1_72' title='bbox 138 2155 242 2221; x_wconf 86' lang='lat' dir='ltr'>Unde</span> <span class='ocrx_word' id='word_1_73' title='bbox 261 2163 359 2237; x_wconf 85' lang='lat' dir='ltr'>patet</span> <span class='ocrx_word' id='word_1_74' title='bbox 377 2152 469 2235; x_wconf 92' lang='lat' dir='ltr'>quod</span> <span class='ocrx_word' id='word_1_75' title='bbox 487 2153 515 2215; x_wconf 86' lang='lat' dir='ltr'>is</span> <span class='ocrx_word' id='word_1_76' title='bbox 534 2153 590 2235; x_wconf 94' lang='lat' dir='ltr'>qui</span> <span class='ocrx_word' id='word_1_77' title='bbox 608 2152 643 2215; x_wconf 93' lang='lat' dir='ltr'>in</span> <span class='ocrx_word' id='word_1_78' title='bbox 660 2170 777 2216; x_wconf 86' lang='lat' dir='ltr'>amore</span> <span class='ocrx_word' id='word_1_79' title='bbox 796 2153 847 2215; x_wconf 90' lang='lat' dir='ltr'>sui</span> <span class='ocrx_word' id='word_1_80' title='bbox 865 2163 930 2228; x_wconf 89' lang='lat' dir='ltr'>est,</span> <span class='ocrx_word' id='word_1_81' title='bbox 944 2172 1012 2215; x_wconf 93' lang='lat' dir='ltr'>non</span> <span class='ocrx_word' id='word_1_82' title='bbox 1031 2162 1126 2217; x_wconf 90' lang='lat' dir='ltr'>amet</span> <span class='ocrx_word' id='word_1_83' title='bbox 1144 2153 1256 2217; x_wconf 90' lang='lat' dir='ltr'>eccle·</span> 
     </span>
     <span class='ocr_line' id='line_1_12' title="bbox 136 2246 1255 2330; baseline -0.003 -16"><span class='ocrx_word' id='word_1_84' title='bbox 136 2251 232 2325; x_wconf 87' lang='lat' dir='ltr'>siam,</span> <span class='ocrx_word' id='word_1_85' title='bbox 261 2267 323 2312; x_wconf 89' lang='lat' dir='ltr'>nec</span> <span class='ocrx_word' id='word_1_86' title='bbox 354 2246 511 2330; x_wconf 90' lang='lat' dir='ltr'>patriam,</span> <span class='ocrx_word' id='word_1_87' title='bbox 542 2265 605 2310; x_wconf 90' lang='lat' dir='ltr'>nec</span> <span class='ocrx_word' id='word_1_88' title='bbox 635 2247 851 2322; x_wconf 87' lang='lat' dir='ltr'>societatem,</span> <span class='ocrx_word' id='word_1_89' title='bbox 879 2266 943 2311; x_wconf 89' lang='lat' dir='ltr'>nec</span> <span class='ocrx_word' id='word_1_90' title='bbox 972 2247 1161 2324; x_wconf 90' lang='lat' dir='ltr'>concivem,</span> <span class='ocrx_word' id='word_1_91' title='bbox 1192 2267 1255 2312; x_wconf 90' lang='lat' dir='ltr'>nec</span> 
     </span>
     <span class='ocr_line' id='line_1_13' title="bbox 136 2339 698 2427; baseline -0.009 -19"><span class='ocrx_word' id='word_1_92' title='bbox 136 2342 274 2427; x_wconf 88' lang='lat' dir='ltr'>aliquod</span> <span class='ocrx_word' id='word_1_93' title='bbox 290 2343 429 2416; x_wconf 92' lang='lat' dir='ltr'>bonum,</span> <span class='ocrx_word' id='word_1_94' title='bbox 447 2340 507 2404; x_wconf 90' lang='lat' dir='ltr'>sed</span> <span class='ocrx_word' id='word_1_95' title='bbox 524 2361 561 2404; x_wconf 90' lang='lat' dir='ltr'>se</span> <span class='ocrx_word' id='word_1_96' title='bbox 573 2339 698 2425; x_wconf 81' lang='lat' dir='ltr'>solum.</span> 
     </span>
    </p>

    <p class='ocr_par' dir='ltr' id='par_1_4' title="bbox 107 2436 1258 2895">
     <span class='ocr_line' id='line_1_14' title="bbox 195 2436 1256 2520; baseline -0.002 -16"><span class='ocrx_word' id='word_1_97' title='bbox 195 2438 272 2504; x_wconf 72' lang='lat'>⁶6.</span> <span class='ocrx_word' id='word_1_98' title='bbox 303 2436 418 2500; x_wconf 87' lang='lat' dir='ltr'>Homo</span> <span class='ocrx_word' id='word_1_99' title='bbox 435 2437 469 2498; x_wconf 93' lang='lat' dir='ltr'>in</span> <span class='ocrx_word' id='word_1_100' title='bbox 485 2455 602 2499; x_wconf 89' lang='lat' dir='ltr'>amore</span> <span class='ocrx_word' id='word_1_101' title='bbox 618 2436 668 2499; x_wconf 92' lang='lat' dir='ltr'>sui</span> <span class='ocrx_word' id='word_1_102' title='bbox 684 2444 748 2511; x_wconf 87' lang='lat' dir='ltr'>est,</span> <span class='ocrx_word' id='word_1_103' title='bbox 765 2437 913 2519; x_wconf 90' lang='lat' dir='ltr'>quando,</span> <span class='ocrx_word' id='word_1_104' title='bbox 927 2437 960 2500; x_wconf 94' lang='lat' dir='ltr'>in</span> <span class='ocrx_word' id='word_1_105' title='bbox 977 2436 1043 2501; x_wconf 94' lang='lat' dir='ltr'>illis</span> <span class='ocrx_word' id='word_1_106' title='bbox 1058 2457 1145 2520; x_wconf 90' lang='lat' dir='ltr'>quae</span> <span class='ocrx_word' id='word_1_107' title='bbox 1160 2437 1256 2520; x_wconf 86' lang='lat' dir='ltr'>cogi·</span> 
     </span>
     <span class='ocr_line' id='line_1_15' title="bbox 136 2531 1255 2614; baseline -0.002 -17"><span class='ocrx_word' id='word_1_108' title='bbox 136 2541 191 2597; x_wconf 92' lang='lat' dir='ltr'>tat</span> <span class='ocrx_word' id='word_1_109' title='bbox 218 2541 254 2596; x_wconf 92' lang='lat' dir='ltr'>et</span> <span class='ocrx_word' id='word_1_110' title='bbox 284 2531 376 2607; x_wconf 80' lang='lat' dir='ltr'>facit,</span> <span class='ocrx_word' id='word_1_111' title='bbox 401 2550 470 2594; x_wconf 91' lang='lat' dir='ltr'>non</span> <span class='ocrx_word' id='word_1_112' title='bbox 500 2531 652 2594; x_wconf 91' lang='lat' dir='ltr'>intuetur</span> <span class='ocrx_word' id='word_1_113' title='bbox 678 2531 882 2612; x_wconf 90' lang='lat' dir='ltr'>proximum,</span> <span class='ocrx_word' id='word_1_114' title='bbox 906 2531 955 2595; x_wconf 88' lang='lat' dir='ltr'>ita</span> <span class='ocrx_word' id='word_1_115' title='bbox 981 2551 1049 2594; x_wconf 92' lang='lat' dir='ltr'>non</span> <span class='ocrx_word' id='word_1_116' title='bbox 1073 2532 1255 2614; x_wconf 91' lang='lat' dir='ltr'>publicum,</span> 
     </span>
     <span class='ocr_line' id='line_1_16' title="bbox 134 2623 1257 2709; baseline -0.002 -18"><span class='ocrx_word' id='word_1_117' title='bbox 134 2626 247 2691; x_wconf 89' lang='lat' dir='ltr'>minus</span> <span class='ocrx_word' id='word_1_118' title='bbox 271 2624 468 2700; x_wconf 91' lang='lat' dir='ltr'>Dominum,</span> <span class='ocrx_word' id='word_1_119' title='bbox 486 2623 546 2688; x_wconf 88' lang='lat' dir='ltr'>sed</span> <span class='ocrx_word' id='word_1_120' title='bbox 570 2623 675 2687; x_wconf 93' lang='lat' dir='ltr'>modo</span> <span class='ocrx_word' id='word_1_121' title='bbox 693 2633 803 2689; x_wconf 90' lang='lat' dir='ltr'>semet</span> <span class='ocrx_word' id='word_1_122' title='bbox 825 2644 865 2689; x_wconf 89' lang='lat' dir='ltr'>ac</span> <span class='ocrx_word' id='word_1_123' title='bbox 884 2645 983 2704; x_wconf 83' lang='lat' dir='ltr'>suos3</span> <span class='ocrx_word' id='word_1_124' title='bbox 1007 2635 1257 2709; x_wconf 86' lang='lat' dir='ltr'>consequenter</span> 
     </span>
     <span class='ocr_line' id='line_1_17' title="bbox 107 2719 1258 2804; baseline 0.002 -21"><span class='ocrx_word' id='word_1_125' title='bbox 107 2794 110 2803; x_wconf 28' lang='lat'><strong><em>¹</em></strong></span> <span class='ocrx_word' id='word_1_126' title='bbox 134 2721 275 2804; x_wconf 88' lang='lat' dir='ltr'>quando</span> <span class='ocrx_word' id='word_1_127' title='bbox 298 2729 438 2803; x_wconf 90' lang='lat' dir='ltr'>propter</span> <span class='ocrx_word' id='word_1_128' title='bbox 460 2727 570 2783; x_wconf 91' lang='lat' dir='ltr'>semet</span> <span class='ocrx_word' id='word_1_129' title='bbox 593 2728 630 2782; x_wconf 92' lang='lat' dir='ltr'>et</span> <span class='ocrx_word' id='word_1_130' title='bbox 652 2738 732 2782; x_wconf 86' lang='lat' dir='ltr'>suos</span> <span class='ocrx_word' id='word_1_131' title='bbox 753 2720 869 2784; x_wconf 90' lang='lat' dir='ltr'>omnia</span> <span class='ocrx_word' id='word_1_132' title='bbox 890 2719 983 2795; x_wconf 85' lang='lat' dir='ltr'>facit,</span> <span class='ocrx_word' id='word_1_133' title='bbox 1002 2730 1039 2784; x_wconf 92' lang='lat' dir='ltr'>et</span> <span class='ocrx_word' id='word_1_134' title='bbox 1067 2720 1094 2784; x_wconf 92' lang='lat' dir='ltr'>si</span> <span class='ocrx_word' id='word_1_135' title='bbox 1118 2729 1258 2803; x_wconf 87' lang='lat' dir='ltr'>propter</span> 
     </span>
     <span class='ocr_line' id='line_1_18' title="bbox 132 2810 1046 2895; baseline -0.001 -21"><span class='ocrx_word' id='word_1_136' title='bbox 132 2811 308 2895; x_wconf 92' lang='lat' dir='ltr'>publicum</span> <span class='ocrx_word' id='word_1_137' title='bbox 324 2822 360 2876; x_wconf 92' lang='lat' dir='ltr'>et</span> <span class='ocrx_word' id='word_1_138' title='bbox 379 2813 583 2894; x_wconf 87' lang='lat' dir='ltr'>proximum,</span> <span class='ocrx_word' id='word_1_139' title='bbox 603 2810 673 2876; x_wconf 79' lang='lat' dir='ltr'>¹¹¹sit</span> <span class='ocrx_word' id='word_1_140' title='bbox 693 2812 798 2876; x_wconf 92' lang='lat' dir='ltr'>modo</span> <span class='ocrx_word' id='word_1_141' title='bbox 815 2822 854 2876; x_wconf 94' lang='lat' dir='ltr'>ut</span> <span class='ocrx_word' id='word_1_142' title='bbox 871 2820 1046 2894; x_wconf 88' lang='lat' dir='ltr'>appareat.</span> 
     </span>
    </p>

    <p class='ocr_par' dir='ltr' id='par_1_5' title="bbox 131 2904 1257 3535">
     <span class='ocr_line' id='line_1_19' title="bbox 200 2904 1256 2988; baseline -0.003 -17"><span class='ocrx_word' id='word_1_143' title='bbox 200 2905 271 2988; x_wconf 75' lang='lat'>⁶7.</span> <span class='ocrx_word' id='word_1_144' title='bbox 301 2905 443 2988; x_wconf 89' lang='lat' dir='ltr'>Propter</span> <span class='ocrx_word' id='word_1_145' title='bbox 461 2916 572 2971; x_wconf 90' lang='lat' dir='ltr'>semet</span> <span class='ocrx_word' id='word_1_146' title='bbox 589 2916 626 2970; x_wconf 93' lang='lat' dir='ltr'>et</span> <span class='ocrx_word' id='word_1_147' title='bbox 647 2926 738 2981; x_wconf 90' lang='lat' dir='ltr'>suos,</span> <span class='ocrx_word' id='word_1_148' title='bbox 757 2906 899 2984; x_wconf 90' lang='lat' dir='ltr'>dicitur;</span> <span class='ocrx_word' id='word_1_149' title='bbox 929 2924 1008 2968; x_wconf 89' lang='lat' dir='ltr'>nam</span> <span class='ocrx_word' id='word_1_150' title='bbox 1026 2904 1083 2988; x_wconf 91' lang='lat' dir='ltr'>qui</span> <span class='ocrx_word' id='word_1_151' title='bbox 1100 2912 1195 2969; x_wconf 88' lang='lat' dir='ltr'>amat</span> <span class='ocrx_word' id='word_1_152' title='bbox 1217 2922 1256 2968; x_wconf 89' lang='lat' dir='ltr'>se</span> 
     </span>
     <span class='ocr_line' id='line_1_20' title="bbox 133 2995 1254 3079; baseline -0.003 -16"><span class='ocrx_word' id='word_1_153' title='bbox 133 2999 242 3064; x_wconf 89' lang='lat' dir='ltr'>etiam</span> <span class='ocrx_word' id='word_1_154' title='bbox 261 3008 354 3062; x_wconf 88' lang='lat' dir='ltr'>amat</span> <span class='ocrx_word' id='word_1_155' title='bbox 374 3017 464 3072; x_wconf 87' lang='lat' dir='ltr'>suos,</span> <span class='ocrx_word' id='word_1_156' title='bbox 480 2997 537 3079; x_wconf 91' lang='lat' dir='ltr'>qui</span> <span class='ocrx_word' id='word_1_157' title='bbox 556 3006 636 3060; x_wconf 90' lang='lat' dir='ltr'>sunt</span> <span class='ocrx_word' id='word_1_158' title='bbox 654 2996 688 3059; x_wconf 94' lang='lat' dir='ltr'>in</span> <span class='ocrx_word' id='word_1_159' title='bbox 707 2997 819 3079; x_wconf 89' lang='lat' dir='ltr'>specie</span> <span class='ocrx_word' id='word_1_160' title='bbox 839 2995 934 3060; x_wconf 89' lang='lat' dir='ltr'>liberi</span> <span class='ocrx_word' id='word_1_161' title='bbox 952 3004 989 3060; x_wconf 92' lang='lat' dir='ltr'>et</span> <span class='ocrx_word' id='word_1_162' title='bbox 1009 3005 1154 3079; x_wconf 89' lang='lat' dir='ltr'>nepotes</span> <span class='ocrx_word' id='word_1_163' title='bbox 1172 2995 1254 3078; x_wconf 89' lang='lat' dir='ltr'>ejus,</span> 
     </span>
     <span class='ocr_line' id='line_1_21' title="bbox 133 3089 1257 3175; baseline -0.003 -17"><span class='ocrx_word' id='word_1_164' title='bbox 133 3103 172 3158; x_wconf 90' lang='lat' dir='ltr'>et</span> <span class='ocrx_word' id='word_1_165' title='bbox 195 3094 229 3156; x_wconf 95' lang='lat' dir='ltr'>in</span> <span class='ocrx_word' id='word_1_166' title='bbox 248 3112 375 3175; x_wconf 85' lang='lat' dir='ltr'>genere</span> <span class='ocrx_word' id='word_1_167' title='bbox 393 3110 513 3154; x_wconf 86' lang='lat' dir='ltr'>omnes</span> <span class='ocrx_word' id='word_1_168' title='bbox 536 3091 593 3173; x_wconf 92' lang='lat' dir='ltr'>qui</span> <span class='ocrx_word' id='word_1_169' title='bbox 616 3108 719 3154; x_wconf 92' lang='lat' dir='ltr'>unum</span> <span class='ocrx_word' id='word_1_170' title='bbox 737 3108 814 3153; x_wconf 90' lang='lat' dir='ltr'>cum</span> <span class='ocrx_word' id='word_1_171' title='bbox 837 3089 897 3154; x_wconf 96' lang='lat' dir='ltr'>illo</span> <span class='ocrx_word' id='word_1_172' title='bbox 916 3089 1053 3164; x_wconf 84' lang='lat' dir='ltr'>faciunt,</span> <span class='ocrx_word' id='word_1_173' title='bbox 1069 3110 1154 3174; x_wconf 89' lang='lat' dir='ltr'>quos</span> <span class='ocrx_word' id='word_1_174' title='bbox 1176 3111 1257 3155; x_wconf 89' lang='lat' dir='ltr'>suos</span> 
     </span>
     <span class='ocr_line' id='line_1_22' title="bbox 131 3185 1257 3268; baseline -0.002 -16"><span class='ocrx_word' id='word_1_175' title='bbox 131 3196 262 3266; x_wconf 87' lang='lat' dir='ltr'>vocat;</span> <span class='ocrx_word' id='word_1_176' title='bbox 288 3186 353 3251; x_wconf 94' lang='lat' dir='ltr'>hos</span> <span class='ocrx_word' id='word_1_177' title='bbox 370 3197 407 3251; x_wconf 92' lang='lat' dir='ltr'>et</span> <span class='ocrx_word' id='word_1_178' title='bbox 426 3185 505 3250; x_wconf 89' lang='lat' dir='ltr'>illos</span> <span class='ocrx_word' id='word_1_179' title='bbox 523 3205 638 3250; x_wconf 90' lang='lat' dir='ltr'>amare</span> <span class='ocrx_word' id='word_1_180' title='bbox 657 3194 710 3249; x_wconf 89' lang='lat' dir='ltr'>est</span> <span class='ocrx_word' id='word_1_181' title='bbox 729 3205 864 3268; x_wconf 91' lang='lat' dir='ltr'>quoque</span> <span class='ocrx_word' id='word_1_182' title='bbox 882 3205 919 3248; x_wconf 92' lang='lat' dir='ltr'>se</span> <span class='ocrx_word' id='word_1_183' title='bbox 936 3204 1063 3259; x_wconf 89' lang='lat' dir='ltr'>amare,</span> <span class='ocrx_word' id='word_1_184' title='bbox 1080 3204 1159 3249; x_wconf 91' lang='lat' dir='ltr'>nam</span> <span class='ocrx_word' id='word_1_185' title='bbox 1178 3185 1257 3250; x_wconf 90' lang='lat' dir='ltr'>illos</span> 
     </span>
     <span class='ocr_line' id='line_1_23' title="bbox 135 3279 1256 3367; baseline -0.002 -20"><span class='ocrx_word' id='word_1_186' title='bbox 135 3279 270 3367; x_wconf 67' lang='lat' dir='ltr'>spedtat</span> <span class='ocrx_word' id='word_1_187' title='bbox 293 3282 388 3364; x_wconf 88' lang='lat' dir='ltr'>quasi</span> <span class='ocrx_word' id='word_1_188' title='bbox 414 3282 448 3346; x_wconf 93' lang='lat' dir='ltr'>in</span> <span class='ocrx_word' id='word_1_189' title='bbox 476 3301 526 3356; x_wconf 92' lang='lat' dir='ltr'>se,</span> <span class='ocrx_word' id='word_1_190' title='bbox 550 3290 586 3345; x_wconf 93' lang='lat' dir='ltr'>et</span> <span class='ocrx_word' id='word_1_191' title='bbox 613 3301 650 3345; x_wconf 86' lang='lat' dir='ltr'>se</span> <span class='ocrx_word' id='word_1_192' title='bbox 677 3280 819 3344; x_wconf 90' lang='lat' dir='ltr'>inillis:</span> <span class='ocrx_word' id='word_1_193' title='bbox 847 3279 1036 3344; x_wconf 90' lang='lat' dir='ltr'>interillos</span> <span class='ocrx_word' id='word_1_194' title='bbox 1062 3300 1147 3363; x_wconf 89' lang='lat' dir='ltr'>quos</span> <span class='ocrx_word' id='word_1_195' title='bbox 1176 3300 1256 3345; x_wconf 88' lang='lat' dir='ltr'>suos</span> 
     </span>
     <span class='ocr_line' id='line_1_24' title="bbox 134 3373 1256 3459; baseline 0 -19"><span class='ocrx_word' id='word_1_196' title='bbox 134 3385 250 3452; x_wconf 92' lang='lat' dir='ltr'>vocat,</span> <span class='ocrx_word' id='word_1_197' title='bbox 269 3385 349 3440; x_wconf 91' lang='lat' dir='ltr'>sunt</span> <span class='ocrx_word' id='word_1_198' title='bbox 372 3396 507 3459; x_wconf 88' lang='lat' dir='ltr'>quoque</span> <span class='ocrx_word' id='word_1_199' title='bbox 531 3393 651 3439; x_wconf 89' lang='lat' dir='ltr'>omnes</span> <span class='ocrx_word' id='word_1_200' title='bbox 674 3375 730 3458; x_wconf 94' lang='lat' dir='ltr'>qui</span> <span class='ocrx_word' id='word_1_201' title='bbox 753 3392 829 3438; x_wconf 89' lang='lat' dir='ltr'>eum</span> <span class='ocrx_word' id='word_1_202' title='bbox 854 3374 1007 3451; x_wconf 89' lang='lat' dir='ltr'>laudant,</span> <span class='ocrx_word' id='word_1_203' title='bbox 1028 3373 1201 3440; x_wconf 91' lang='lat' dir='ltr'>honorant</span> <span class='ocrx_word' id='word_1_204' title='bbox 1219 3384 1256 3440; x_wconf 90' lang='lat' dir='ltr'>et</span> 
     </span>
     <span class='ocr_line' id='line_1_25' title="bbox 134 3469 264 3535; baseline -0.008 -1"><span class='ocrx_word' id='word_1_205' title='bbox 134 3469 264 3535; x_wconf 91' lang='lat' dir='ltr'>colunt.</span> 
     </span>
    </p>

    <p class='ocr_par' dir='ltr' id='par_1_6' title="bbox 135 3563 1257 4120">
     <span class='ocr_line' id='line_1_26' title="bbox 199 3563 1257 3647; baseline -0.001 -18"><span class='ocrx_word' id='word_1_206' title='bbox 199 3563 274 3629; x_wconf 80' lang='grc'>68.</span> <span class='ocrx_word' id='word_1_207' title='bbox 296 3564 360 3629; x_wconf 88' lang='lat' dir='ltr'>ille</span> <span class='ocrx_word' id='word_1_208' title='bbox 382 3563 488 3629; x_wconf 91' lang='lat' dir='ltr'>homo</span> <span class='ocrx_word' id='word_1_209' title='bbox 510 3564 544 3629; x_wconf 92' lang='lat' dir='ltr'>in</span> <span class='ocrx_word' id='word_1_210' title='bbox 567 3582 683 3629; x_wconf 89' lang='lat' dir='ltr'>amore</span> <span class='ocrx_word' id='word_1_211' title='bbox 705 3563 756 3626; x_wconf 92' lang='lat' dir='ltr'>sui</span> <span class='ocrx_word' id='word_1_212' title='bbox 778 3572 844 3638; x_wconf 92' lang='lat' dir='ltr'>est,</span> <span class='ocrx_word' id='word_1_213' title='bbox 864 3563 920 3646; x_wconf 91' lang='lat' dir='ltr'>qui</span> <span class='ocrx_word' id='word_1_214' title='bbox 950 3564 1143 3647; x_wconf 90' lang='lat' dir='ltr'>proximum</span> <span class='ocrx_word' id='word_1_215' title='bbox 1172 3583 1257 3628; x_wconf 92' lang='lat' dir='ltr'>con·</span> 
     </span>
     <span class='ocr_line' id='line_1_27' title="bbox 135 3656 1255 3743; baseline -0.001 -19"><span class='ocrx_word' id='word_1_216' title='bbox 135 3661 260 3724; x_wconf 88' lang='lat' dir='ltr'>temnit</span> <span class='ocrx_word' id='word_1_217' title='bbox 277 3680 357 3743; x_wconf 90' lang='lat' dir='ltr'>prae</span> <span class='ocrx_word' id='word_1_218' title='bbox 376 3680 423 3735; x_wconf 89' lang='lat' dir='ltr'>se,</span> <span class='ocrx_word' id='word_1_219' title='bbox 441 3660 496 3743; x_wconf 92' lang='lat' dir='ltr'>qui</span> <span class='ocrx_word' id='word_1_220' title='bbox 515 3660 686 3723; x_wconf 92' lang='lat' dir='ltr'>inimicum</span> <span class='ocrx_word' id='word_1_221' title='bbox 705 3657 800 3722; x_wconf 94' lang='lat' dir='ltr'>illum</span> <span class='ocrx_word' id='word_1_222' title='bbox 816 3656 922 3723; x_wconf 89' lang='lat' dir='ltr'>habet</span> <span class='ocrx_word' id='word_1_223' title='bbox 942 3660 969 3722; x_wconf 93' lang='lat' dir='ltr'>si</span> <span class='ocrx_word' id='word_1_224' title='bbox 989 3678 1057 3721; x_wconf 93' lang='lat' dir='ltr'>non</span> <span class='ocrx_word' id='word_1_225' title='bbox 1073 3659 1136 3722; x_wconf 93' lang='lat' dir='ltr'>sibi</span> <span class='ocrx_word' id='word_1_226' title='bbox 1151 3658 1255 3735; x_wconf 86' lang='lat' dir='ltr'>favet,</span> 
     </span>
     <span class='ocr_line' id='line_1_28' title="bbox 137 3753 1257 3834; baseline -0.001 -16"><span class='ocrx_word' id='word_1_227' title='bbox 137 3764 174 3818; x_wconf 90' lang='lat' dir='ltr'>et</span> <span class='ocrx_word' id='word_1_228' title='bbox 194 3754 310 3818; x_wconf 89' lang='lat' dir='ltr'>sinon</span> <span class='ocrx_word' id='word_1_229' title='bbox 329 3775 366 3819; x_wconf 92' lang='lat' dir='ltr'>se</span> <span class='ocrx_word' id='word_1_230' title='bbox 384 3764 565 3818; x_wconf 90' lang='lat' dir='ltr'>veneratur</span> <span class='ocrx_word' id='word_1_231' title='bbox 583 3763 619 3817; x_wconf 93' lang='lat' dir='ltr'>et</span> <span class='ocrx_word' id='word_1_232' title='bbox 638 3753 742 3817; x_wconf 91' lang='lat' dir='ltr'>colit:</span> <span class='ocrx_word' id='word_1_233' title='bbox 766 3753 876 3834; x_wconf 87' lang='lat' dir='ltr'>magis</span> <span class='ocrx_word' id='word_1_234' title='bbox 891 3753 1003 3817; x_wconf 91' lang='lat' dir='ltr'>adhuc</span> <span class='ocrx_word' id='word_1_235' title='bbox 1019 3753 1053 3816; x_wconf 94' lang='lat' dir='ltr'>in</span> <span class='ocrx_word' id='word_1_236' title='bbox 1072 3772 1187 3817; x_wconf 90' lang='lat' dir='ltr'>amore</span> <span class='ocrx_word' id='word_1_237' title='bbox 1206 3755 1257 3817; x_wconf 92' lang='lat' dir='ltr'>sui</span> 
     </span>
     <span class='ocr_line' id='line_1_29' title="bbox 136 3846 1255 3932; baseline 0 -20"><span class='ocrx_word' id='word_1_238' title='bbox 136 3857 202 3924; x_wconf 88' lang='lat' dir='ltr'>est,</span> <span class='ocrx_word' id='word_1_239' title='bbox 227 3849 282 3932; x_wconf 89' lang='lat' dir='ltr'>qui</span> <span class='ocrx_word' id='word_1_240' title='bbox 305 3858 486 3932; x_wconf 89' lang='lat' dir='ltr'>propterea</span> <span class='ocrx_word' id='word_1_241' title='bbox 509 3848 701 3931; x_wconf 90' lang='lat' dir='ltr'>proximum</span> <span class='ocrx_word' id='word_1_242' title='bbox 725 3847 806 3912; x_wconf 90' lang='lat' dir='ltr'>odio</span> <span class='ocrx_word' id='word_1_243' title='bbox 829 3846 944 3923; x_wconf 89' lang='lat' dir='ltr'>habet,</span> <span class='ocrx_word' id='word_1_244' title='bbox 964 3857 1000 3912; x_wconf 92' lang='lat' dir='ltr'>et</span> <span class='ocrx_word' id='word_1_245' title='bbox 1024 3849 1255 3931; x_wconf 88' lang='lat' dir='ltr'>persequitur:</span> 
     </span>
     <span class='ocr_line' id='line_1_30' title="bbox 137 3940 1255 4026; baseline -0.002 -19"><span class='ocrx_word' id='word_1_246' title='bbox 137 3952 173 4007; x_wconf 90' lang='lat' dir='ltr'>et</span> <span class='ocrx_word' id='word_1_247' title='bbox 186 3945 296 4026; x_wconf 85' lang='lat' dir='ltr'>magis</span> <span class='ocrx_word' id='word_1_248' title='bbox 311 3943 432 4018; x_wconf 92' lang='lat' dir='ltr'>adhuc,</span> <span class='ocrx_word' id='word_1_249' title='bbox 446 3944 502 4025; x_wconf 91' lang='lat' dir='ltr'>qui</span> <span class='ocrx_word' id='word_1_250' title='bbox 515 3952 695 4025; x_wconf 88' lang='lat' dir='ltr'>propterea</span> <span class='ocrx_word' id='word_1_251' title='bbox 710 3941 835 4024; x_wconf 83' lang='lat' dir='ltr'>flagrat</span> <span class='ocrx_word' id='word_1_252' title='bbox 846 3940 997 4007; x_wconf 64' lang='lat' dir='ltr'>vindicta</span> <span class='ocrx_word' id='word_1_253' title='bbox 1012 3952 1134 4006; x_wconf 90' lang='lat' dir='ltr'>contra</span> <span class='ocrx_word' id='word_1_254' title='bbox 1149 3943 1255 4018; x_wconf 92' lang='lat' dir='ltr'>illum,</span> 
     </span>
     <span class='ocr_line' id='line_1_31' title="bbox 137 4036 1154 4120; baseline -0.002 -18"><span class='ocrx_word' id='word_1_255' title='bbox 137 4048 173 4102; x_wconf 90' lang='lat' dir='ltr'>et</span> <span class='ocrx_word' id='word_1_256' title='bbox 192 4038 285 4120; x_wconf 91' lang='lat' dir='ltr'>cupit</span> <span class='ocrx_word' id='word_1_257' title='bbox 303 4036 374 4119; x_wconf 89' lang='lat' dir='ltr'>ejus</span> <span class='ocrx_word' id='word_1_258' title='bbox 390 4038 591 4120; x_wconf 90' lang='lat' dir='ltr'>perniciem:</span> <span class='ocrx_word' id='word_1_259' title='bbox 616 4036 705 4101; x_wconf 85' lang='lat' dir='ltr'>tales</span> <span class='ocrx_word' id='word_1_260' title='bbox 723 4037 865 4101; x_wconf 91' lang='lat' dir='ltr'>tandem</span> <span class='ocrx_word' id='word_1_261' title='bbox 880 4047 999 4101; x_wconf 89' lang='lat' dir='ltr'>amant</span> <span class='ocrx_word' id='word_1_262' title='bbox 1014 4038 1154 4101; x_wconf 86' lang='lat' dir='ltr'>saevire.</span> 
     </span>
    </p>

    <p class='ocr_par' dir='ltr' id='par_1_7' title="bbox 139 4127 1256 4495">
     <span class='ocr_line' id='line_1_32' title="bbox 196 4127 1256 4211; baseline 0.002 -20"><span class='ocrx_word' id='word_1_263' title='bbox 196 4130 272 4211; x_wconf 77' lang='lat'>69.</span> <span class='ocrx_word' id='word_1_264' title='bbox 301 4128 359 4191; x_wconf 91' lang='lat' dir='ltr'>Ex</span> <span class='ocrx_word' id='word_1_265' title='bbox 384 4128 645 4210; x_wconf 89' lang='lat' dir='ltr'>comparatione</span> <span class='ocrx_word' id='word_1_266' title='bbox 670 4146 747 4192; x_wconf 88' lang='lat' dir='ltr'>cum</span> <span class='ocrx_word' id='word_1_267' title='bbox 772 4145 891 4191; x_wconf 88' lang='lat' dir='ltr'>amore</span> <span class='ocrx_word' id='word_1_268' title='bbox 916 4127 1071 4203; x_wconf 89' lang='lat' dir='ltr'>caelesti,</span> <span class='ocrx_word' id='word_1_269' title='bbox 1094 4137 1256 4193; x_wconf 86' lang='lat' dir='ltr'>constare</span> 
     </span>
     <span class='ocr_line' id='line_1_33' title="bbox 139 4219 1256 4305; baseline -0.002 -19"><span class='ocrx_word' id='word_1_270' title='bbox 139 4231 254 4304; x_wconf 90' lang='lat' dir='ltr'>potest</span> <span class='ocrx_word' id='word_1_271' title='bbox 270 4220 379 4305; x_wconf 88' lang='lat' dir='ltr'>qualis</span> <span class='ocrx_word' id='word_1_272' title='bbox 395 4231 449 4285; x_wconf 89' lang='lat' dir='ltr'>est</span> <span class='ocrx_word' id='word_1_273' title='bbox 465 4240 561 4285; x_wconf 92' lang='lat' dir='ltr'>amor</span> <span class='ocrx_word' id='word_1_274' title='bbox 576 4220 636 4284; x_wconf 91' lang='lat' dir='ltr'>sui.</span> <span class='ocrx_word' id='word_1_275' title='bbox 676 4219 787 4284; x_wconf 85' lang='lat' dir='ltr'>Amor</span> <span class='ocrx_word' id='word_1_276' title='bbox 802 4219 962 4285; x_wconf 89' lang='lat' dir='ltr'>caelestis</span> <span class='ocrx_word' id='word_1_277' title='bbox 977 4230 1032 4285; x_wconf 92' lang='lat' dir='ltr'>est</span> <span class='ocrx_word' id='word_1_278' title='bbox 1047 4240 1161 4285; x_wconf 88' lang='lat' dir='ltr'>amare</span> <span class='ocrx_word' id='word_1_279' title='bbox 1178 4241 1256 4284; x_wconf 89' lang='lat' dir='ltr'>usus</span> 
     </span>
     <span class='ocr_line' id='line_1_34' title="bbox 139 4313 1256 4399; baseline -0.002 -18"><span class='ocrx_word' id='word_1_280' title='bbox 139 4325 277 4399; x_wconf 88' lang='lat' dir='ltr'>propter</span> <span class='ocrx_word' id='word_1_281' title='bbox 294 4336 385 4391; x_wconf 86' lang='lat' dir='ltr'>usus,</span> <span class='ocrx_word' id='word_1_282' title='bbox 406 4335 466 4379; x_wconf 89' lang='lat' dir='ltr'>seu</span> <span class='ocrx_word' id='word_1_283' title='bbox 484 4316 575 4380; x_wconf 87' lang='lat' dir='ltr'>bona</span> <span class='ocrx_word' id='word_1_284' title='bbox 593 4324 734 4398; x_wconf 92' lang='lat' dir='ltr'>propter</span> <span class='ocrx_word' id='word_1_285' title='bbox 751 4315 852 4391; x_wconf 89' lang='lat' dir='ltr'>bona,</span> <span class='ocrx_word' id='word_1_286' title='bbox 872 4335 958 4398; x_wconf 90' lang='lat' dir='ltr'>quae</span> <span class='ocrx_word' id='word_1_287' title='bbox 976 4313 1082 4378; x_wconf 91' lang='lat' dir='ltr'>homo</span> <span class='ocrx_word' id='word_1_288' title='bbox 1100 4323 1256 4398; x_wconf 88' lang='lat' dir='ltr'>praestat</span> 
     </span>
     <span class='ocr_line' id='line_1_35' title="bbox 140 4408 1255 4495; baseline -0.002 -19"><span class='ocrx_word' id='word_1_289' title='bbox 140 4411 314 4488; x_wconf 89' lang='lat' dir='ltr'>ecciesiae,</span> <span class='ocrx_word' id='word_1_290' title='bbox 338 4410 479 4494; x_wconf 89' lang='lat' dir='ltr'>patriae,</span> <span class='ocrx_word' id='word_1_291' title='bbox 503 4408 661 4475; x_wconf 89' lang='lat' dir='ltr'>societati</span> <span class='ocrx_word' id='word_1_292' title='bbox 689 4409 870 4487; x_wconf 90' lang='lat' dir='ltr'>humanae,</span> <span class='ocrx_word' id='word_1_293' title='bbox 893 4418 930 4474; x_wconf 92' lang='lat' dir='ltr'>et</span> <span class='ocrx_word' id='word_1_294' title='bbox 956 4410 1110 4495; x_wconf 86' lang='lat' dir='ltr'>concivi;</span> <span class='ocrx_word' id='word_1_295' title='bbox 1139 4410 1255 4492; x_wconf 85' lang='lat' dir='ltr'>atqui</span> 
     </span>
    </p>
   </div>
   <div class='ocr_carea' id='block_1_4' title="bbox 0 0 1392 5040">
    <p class='ocr_par' dir='ltr' id='par_1_8' title="bbox 0 0 1392 5040">
     <span class='ocr_line' id='line_1_36' title="bbox 0 0 1392 5040; baseline 0 0"><span class='ocrx_word' id='word_1_296' title='bbox 0 0 1392 5040; x_wconf 95' lang='lat' dir='ltr'> </span> 
     </span>
    </p>
   </div>
  </div>
 </body>
</html>
