2776 5040
142 435 187 514 46
551 457 603 509 nu
624 457 855 510 cusanam.

143 631 335 686 renovatur.
365 621 576 689 Desiderium
588 625 632 689 ad
647 646 741 691 suam
755 625 965 695 functionem
980 630 1110 716 frangit
1120 653 1180 698 seu
1192 633 1253 698 finit

143 715 209 778 illa.
254 716 419 780 Dominus
434 719 523 782 enim
546 740 565 783 e
587 720 685 785 coelo
706 722 812 786 influit
834 723 868 787 in
890 723 961 800 illa,
979 747 1022 791 ac
1045 739 1206 808 renovat;
1223 738 1252 793 et

142 829 274 893 quoque
287 811 346 874 dat
359 813 551 876 interiorem
563 834 699 879 sensum
712 815 897 899 voluptatis
908 819 943 882 in
959 819 1038 897 illis,
1052 823 1096 886 de
1108 842 1175 906 qua
1184 821 1251 886 nibil

141 905 252 969 sciunt
267 905 326 995 qui·
339 925 406 969 non
422 907 454 969 in
471 905 647 972 affectione
663 909 837 974 charitatis
851 924 952 992 sunt;
976 917 1085 997 spirat
1099 918 1135 980 in
1149 916 1204 980 illa
1214 917 1250 979 si·

140 1009 198 1062 cut
214 998 375 1080 fragrans,
392 1010 449 1064 aut
465 1001 552 1065 sicut
568 1001 677 1078 dulce,
694 1023 762 1067 non
778 1008 999 1088 perceptibile
1015 1011 1081 1074 nisi
1095 1010 1178 1087 sibi;
1197 1009 1249 1074 tra·

139 1111 242 1172 grans
264 1093 394 1168 dicitur,
411 1114 470 1177 per
491 1095 581 1176 quod
602 1096 802 1180 intelligitur
823 1119 1005 1166 amoenum
1026 1104 1208 1186 spirituale,
1220 1112 1249 1167 et

139 1184 237 1250 dulce
246 1186 376 1264 dicitur,
385 1189 1134 1277 perquodintelligiturjucundumspirituale;
1149 1218 1249 1262 amoe-

139 1298 219 1342 num
235 1279 356 1345 dicitur
371 1281 413 1346 de
429 1283 594 1363 sapientia
611 1294 647 1346 et
669 1285 747 1349 inde
770 1289 989 1368 perceptione
1003 1289 1208 1368 intellectus,
1220 1302 1249 1356 et

134 1371 318 1454 jucundum
326 1374 496 1439 diciturde
504 1396 618 1440 amore
628 1387 663 1442 et
672 1379 750 1443 inde
757 1377 934 1445 affectione
942 1382 1143 1450 voluntatis.
1157 1385 1249 1468 Apud

137 1466 215 1531 illos
226 1469 281 1550 qui
297 1489 365 1533 non
381 1471 414 1532 in
426 1468 601 1535 affectione
615 1472 788 1537 charitatis
800 1484 889 1550 sunt,
902 1474 989 1541 haec
1001 1497 1071 1542 non
1083 1489 1174 1554 sunt,
1185 1481 1249 1563 quia

139 1579 235 1626 mens
245 1564 425 1645 spiritualis
435 1575 487 1628 est
497 1564 646 1644 occlusa;
662 1576 697 1631 et
708 1577 870 1649 quantum
880 1571 1248 1647 receduntacharitate,

137 1665 190 1720 est
201 1675 297 1720 mens
305 1658 487 1739 spiritualis
496 1659 607 1743 quoad
617 1659 933 1726 voluntariumsicut
942 1665 1076 1747 glutine
1086 1662 1252 1731 conrardi.

200 1751 239 1813 ln
263 1751 327 1814 illis
342 1754 460 1835 quibus
483 1763 536 1816 est
559 1752 690 1814 affectio
708 1753 810 1815 solius
832 1753 980 1828 honoris,
997 1755 1064 1819 hoc
1087 1766 1153 1832 est,
1168 1754 1246 1837 apud

135 1843 211 1908 illos
227 1845 282 1927 qui
299 1844 424 1909 saciunt
440 1865 543 1926 opera
558 1842 735 1909 functionis
751 1866 829 1909 suae
846 1846 955 1911 solum
968 1859 1111 1931 propter
1123 1849 1246 1922 samam,

135 1948 173 2002 ut
189 1937 368 2002 laudentur
383 1950 418 2003 et
435 1949 707 2020 promoveantur,
724 1948 802 2002 sunt
817 1940 1001 2004 diversoria
1016 1941 1075 2006 illa
1090 1943 1248 2007 similiain

135 2033 307 2110 externis;
331 2031 496 2107 laborant,
513 2032 690 2114 invigilant
706 2034 798 2115 operi
813 2054 884 2109 suo,
901 2035 1027 2100 faciunt
1043 2057 1124 2102 usus
1143 2039 1177 2102 in
1197 2056 1247 2100 co·

135 2127 210 2207 pia;
233 2127 294 2191 sed
310 2147 378 2190 non
393 2148 439 2190 ex
454 2146 568 2191 amore
585 2147 672 2202 usus,
684 2127 749 2209 'sed
771 2148 816 2191 ex
838 2146 953 2191 amore
969 2130 1031 2205 sui,
1047 2131 1097 2194 ita
1119 2150 1188 2195 non
1207 2149 1246 2193 ex

135 2237 250 2283 amore
276 2222 431 2302 proximi,
448 2221 508 2284 sed
532 2240 714 2285 examore
739 2220 865 2302 gloriae
877 2241 885 2298 ;
910 2234 1054 2302 possunt
1078 2226 1183 2289 etiam
1200 2223 1245 2306 ju·

135 2314 281 2377 cundum
294 2316 418 2379 sentire
431 2315 464 2377 in
476 2315 632 2396 operibus
644 2335 723 2377 suae
734 2311 922 2390 functionis,
935 2316 996 2379 sed
1008 2326 1063 2381 est
1072 2317 1248 2399 jucundum

135 2406 315 2486 insernale;
332 2409 396 2472 hoc
413 2427 526 2473 coram
541 2407 606 2471 illis
622 2409 754 2472 mentiri
770 2417 886 2489 potest
897 2407 1083 2490 jucundum
1096 2412 1248 2484 coeleste,

136 2503 295 2583 quoniam
318 2512 494 2584 utrumque
517 2513 570 2566 est
597 2502 704 2564 simile
731 2503 763 2563 in
790 2504 962 2581 externis;
993 2504 1056 2568 sed
1074 2505 1249 2587 jucundum

136 2596 269 2659 illorum
284 2607 337 2659 est
354 2596 489 2677 plenum
506 2595 703 2676 injucundis,
721 2615 788 2659 non
811 2597 900 2659 enirn
923 2607 976 2661 est
998 2598 1114 2682 aliqua
1129 2599 1249 2682 requies

136 2692 237 2753 animi
253 2699 287 2753 et
312 2711 380 2771 pax
398 2692 458 2752 nisi
475 2710 550 2753 cum
567 2690 721 2770 cogitant
738 2690 780 2752 de
796 2689 885 2753 sama
905 2700 941 2755 et
964 2691 1107 2767 honore,
1124 2704 1160 2757 et
1182 2709 1248 2756 cum

135 2785 343 2848 honorantur
359 2795 394 2847 et
415 2784 597 2846 adorantur
608 2804 616 2860 ;
640 2782 719 2845 dum
733 2803 800 2846 non
817 2785 969 2865 cogitant
993 2786 1036 2849 de
1060 2786 1137 2862 illis,
1155 2784 1248 2866 conji-

135 2880 227 2942 ciunt
244 2898 279 2941 se
295 2879 329 2940 in
345 2877 549 2958 voluptates,
566 2877 598 2938 in
614 2876 807 2951 ebrietates,
824 2878 857 2940 in
873 2877 1032 2954 luxurias,
1049 2880 1084 2943 in
1100 2879 1248 2945 scortati-

137 2993 231 3046 ones,
244 2973 277 3034 in
293 2971 370 3034 odia
386 2981 420 3033 et
434 2967 609 3044 vindicias,
623 2979 657 3033 et
673 2970 706 3032 in
720 2970 965 3034 diffamationes
977 2975 1137 3053 proximi,
1150 2977 1247 3038 sinon

136 3066 242 3130 libant
259 3065 377 3128 honori
392 3063 533 3127 illorum.
578 3062 644 3126 Sed
668 3066 867 3139 successive,
883 3066 911 3128 si
934 3085 1002 3129 non
1018 3066 1122 3131 altius
1145 3070 1178 3131 in
1199 3067 1249 3130 ho·

136 3181 235 3224 nores
258 3158 443 3231 elevantur,
460 3158 634 3220 fastidiunt
657 3156 777 3232 officia,
798 3167 834 3222 et
857 3179 893 3221 se
916 3159 999 3222 dant
1016 3161 1101 3238 otio,
1116 3173 1154 3226 et
1175 3160 1247 3225 fiunt

135 3254 300 3337 ignaviae,
318 3261 353 3316 et
370 3260 447 3333 post
464 3271 643 3314 excessum
660 3272 678 3313 e
694 3252 821 3314 mundo
836 3251 920 3316 fiunt
936 3253 1134 3319 daemones.

199 3348 238 3411 In
251 3346 315 3409 illis
328 3346 445 3426 quibus
458 3355 510 3408 est
523 3342 656 3409 affectio
668 3344 771 3408 solius
784 3344 875 3420 lucri,
888 3346 1073 3411 diversoria
1085 3349 1145 3412 illa
1156 3350 1246 3413 etiam

135 3451 213 3504 sunt
237 3440 428 3513 diversoria,
445 3439 504 3501 sed
528 3459 659 3512 carnea,
677 3439 838 3519 inspirata
860 3441 950 3503 intus
972 3459 992 3503 a
1015 3440 1092 3505 solo
1111 3440 1247 3524 jucundo

135 3535 338 3616 opulentiae.
383 3532 469 3597 Sunt
482 3532 598 3606 seduli,
613 3533 805 3614 prudentes
819 3534 982 3609 industrii,
995 3535 1160 3616 imprimis
1172 3555 1247 3600 mer·

135 3640 269 3694 catores
292 3627 389 3701 tales,
413 3639 447 3690 et
474 3628 635 3707 operarii3
666 3627 693 3689 si
716 3625 874 3701 officiarii,
897 3626 1078 3709 invigilant
1102 3632 1248 3712 operibus

136 3743 221 3805 quae
237 3721 336 3785 officii
352 3732 441 3795 sunt,
458 3732 492 3784 et
509 3721 660 3783 vendunt
677 3741 774 3799 usus;
798 3722 825 3783 si
837 3721 976 3802 judices,
994 3723 1151 3788 vendunt
1162 3724 1250 3807 justi·

134 3817 236 3893 tiam;
257 3816 283 3878 si
300 3816 504 3886 sacerdotes,
514 3815 665 3877 vendunt
678 3814 843 3892 salutem;
867 3814 994 3878 lucrum
1009 3815 1076 3879 illis
1089 3829 1144 3882 est
1158 3838 1253 3901 prox·

133 3911 239 3986 imus;
262 3931 308 3973 ex
332 3907 442 3972 officio
458 3919 573 3971 amant
605 3908 742 3982 lucrum,
759 3919 794 3971 et
817 3907 945 3972 lucrum
961 3929 1006 3972 ex
1022 3909 1146 3975 officio.
1193 3907 1258 3994 Qui

133 4005 167 4068 in
179 4003 291 4068 officio
302 4004 463 4066 eminenti
479 4013 568 4076 sunt,
583 4013 724 4083 possunt
737 4002 883 4066 vendere
900 4004 1054 4084 patriam,
1067 4015 1104 4069 et
1121 4023 1257 4090 quoque

133 4098 322 4163 exercitum
337 4107 372 4160 et
389 4097 479 4160 cives
495 4097 627 4159 tradere
644 4096 806 4159 hostibus.
840 4096 897 4159 Ex
913 4098 1031 4179 quibus
1047 4109 1158 4180 patet,
1176 4121 1262 4183 qua‘

134 4192 174 4255 lis
197 4200 249 4255 est
272 4211 367 4255 amor
389 4189 520 4253 illorum
543 4191 577 4253 in
600 4191 789 4253 diversoriis
812 4210 912 4271 supra
934 4194 1153 4272 memoratis;
1177 4205 1262 4257 sunt

133 4286 217 4350 haec
234 4284 333 4366 plena
349 4285 482 4364 rapinis,
499 4293 533 4346 et
550 4294 713 4365 quantum
729 4303 796 4347 non
813 4285 935 4348 timent
952 4283 1046 4366 leges
1063 4287 1181 4351 civiles
1197 4309 1256 4351 seu

133 4399 260 4462 poenas
283 4377 443 4461 publicas,
460 4386 494 4441 et
514 4374 678 4459 jadiuram
700 4376 808 4441 lamae
831 4386 969 4458 propter
991 4377 1094 4456 lucra,
1112 4381 1252 4464 deprae-
