2776 5040
544 487 594 537 DE
617 487 846 539 CHARITATE.

133 651 236 737 Quod
253 654 409 720 Puruuu
424 655 560 732 attinet,

134 811 189 879 [1.]
218 811 291 868 duod
299 827 374 865 namo
382 812 468 880 possit
478 812 574 865 tabere
585 812 737 867 charitatem
749 813 803 867 nisi
811 829 829 865 α
840 814 960 868 Domino:

202 949 267 1013 Hic
285 958 322 1012 ut
338 949 371 1012 in
388 949 605 1031 sequentibus
621 949 730 1013 solum
746 951 957 1014 nominamus
973 950 1166 1029 Dominum,
1182 954 1261 1035 quia

135 1042 304 1106 Dominus
320 1052 373 1106 est
394 1041 493 1106 Solus
514 1041 626 1121 Deus;
650 1053 703 1107 est
718 1045 808 1107 enim
825 1043 917 1108 Deus
933 1044 1019 1109 coeli
1034 1055 1069 1109 et
1085 1056 1205 1123 terrae,
1222 1056 1260 1112 ut

136 1137 351 1218 lpsedocetr
367 1185 1257 1204 ...........................................

134 1240 188 1294 est
212 1230 290 1312 Ipse
313 1240 349 1294 et
372 1230 472 1294 Pater
489 1250 602 1307 unum,
619 1231 705 1294 sicut
728 1231 839 1294 anima
861 1241 896 1295 et
920 1252 1051 1314 corpus,
1068 1242 1105 1296 ut
1127 1254 1260 1317 quoque

135 1325 216 1407 Ipse
232 1326 353 1389 docet:
368 1371 1259 1392 ...........................................

134 1429 190 1483 est
208 1419 285 1501 Ipse
300 1428 336 1483 et
359 1417 501 1500 Spiritus
525 1416 668 1482 santius
684 1420 784 1494 idem,
801 1420 887 1483 sicut
904 1418 1063 1483 Divinum
1079 1422 1112 1484 in
1129 1421 1209 1503 Ipso
1224 1431 1260 1487 et

137 1512 299 1576 Divinum
315 1512 358 1576 ab
374 1512 473 1593 Ipso;
497 1513 544 1575 ita
559 1522 612 1576 est
629 1513 706 1593 Ipse
727 1512 826 1577 Solus
842 1523 877 1576 et
894 1513 992 1578 Unus
1015 1513 1118 1590 Deus,
1135 1535 1174 1579 ac
1198 1514 1259 1579 Di·

135 1609 216 1670 vina
230 1606 379 1669 Trinitas
394 1615 448 1669 est
465 1607 497 1668 in
514 1606 623 1688 Ipsius
639 1606 796 1682 Persona,
812 1617 848 1670 et
865 1609 1056 1671 nominatur
1072 1607 1181 1684 Pater,
1199 1609 1256 1674 Fi·

134 1702 200 1765 lius
225 1710 261 1764 et
285 1698 427 1780 Spiritus
450 1697 603 1763 Sandtus.
648 1700 746 1764 Nunc
770 1702 846 1784 quia
869 1702 1022 1765 universa
1046 1701 1200 1766 Ecclesia
1223 1712 1259 1768 et

136 1797 248 1861 omnis
270 1794 388 1875 religio
410 1793 568 1857 fundatur
590 1813 689 1875 super
712 1795 787 1857 idea
810 1795 885 1869 mei,
903 1805 937 1858 et
961 1815 1060 1876 super
1075 1797 1150 1859 idea
1167 1797 1258 1879 quod

134 1890 232 1953 Deus
248 1908 333 1951 unus
349 1889 402 1963 sit,
419 1897 454 1950 et
475 1887 558 1951 haec
575 1888 650 1950 idea
666 1889 886 1971 nequicquam
911 1890 1010 1952 datur
1025 1891 1088 1953 nisi
1104 1889 1197 1953 Deus
1213 1892 1256 1956 sit

134 2004 221 2047 unus
234 1982 394 2045 Essentia
407 1991 441 2045 et
458 1981 614 2056 Persona,
627 1991 662 2044 et
679 1982 762 2045 haec
776 1984 886 2045 unitas
902 1983 1064 2046 trinitatis
1075 1993 1110 2047 et
1123 1986 1256 2048 trinitas

135 2078 277 2141 unitatis
290 2076 432 2139 daturin
446 2072 527 2138 Solo
540 2073 688 2138 Domino
701 2096 708 2153 ;
732 2076 808 2139 ideo
820 2076 873 2139 hic
887 2096 973 2139 nunc
991 2077 1023 2139 in
1037 2078 1209 2158 principio,
1222 2088 1258 2144 et

134 2182 257 2256 postea
273 2172 306 2233 in
323 2168 540 2251 sequentibus
556 2170 767 2231 nominamus
783 2169 891 2232 solum
905 2169 1097 2233 Dominum.
1134 2170 1255 2253 (Vide-

133 2278 211 2331 atur
223 2267 358 2345 insuper
366 2263 532 2325 Dollrt'na
543 2262 658 2326 Novae
668 2262 917 2344 Hierosolymae
925 2264 964 2326 de
971 2264 1123 2340 Domino,
1134 2286 1154 2327 a
1167 2267 1257 2346 prin·

135 2361 224 2442 cipio
247 2358 291 2422 ad
313 2356 434 2435 finem3
458 2366 531 2418 tum
548 2355 725 2437 Sapientia
739 2357 770 2419 A
776 2358 901 2438 ngelica
923 2358 963 2420 de
983 2358 1114 2421 Divina
1132 2358 1257 2422 Provi-

134 2454 259 2527 dentia,
277 2472 309 2514 n.
324 2450 391 2534 -.)
439 2449 538 2530 Quod
555 2470 656 2513 nemo
674 2452 780 2532 possit
803 2451 926 2514 habere
943 2451 1143 2516 charitatem
1159 2455 1222 2516 nisi
1237 2474 1258 2519 a

135 2549 296 2621 Domino,
319 2554 372 2608 est
395 2545 472 2625 quia
494 2563 553 2624 per
568 2544 769 2608 charitatem
792 2543 992 2626 intelligitur
1007 2565 1107 2609 omne
1130 2546 1257 2610 bonum

134 2642 226 2726 quod
249 2640 353 2703 homo
374 2639 453 2701 facit
474 2637 566 2714 aliis;
590 2648 624 2701 et
648 2638 773 2701 bonum
790 2638 880 2721 quod
902 2639 1005 2702 homo
1020 2639 1099 2702 facit
1115 2639 1188 2703 aliis
1203 2652 1257 2706 est

134 2737 270 2820 quidem
283 2734 408 2797 bonum
421 2731 485 2794 illis
498 2731 616 2813 quibus
631 2731 679 2806 fit,
693 2732 752 2794 sed
769 2752 836 2796 non
852 2742 905 2796 est
921 2733 1046 2796 bonum
1058 2734 1146 2815 apud
1163 2734 1256 2798 illum

136 2853 155 2895 a
171 2850 240 2913 quo
256 2827 304 2903 lit,
321 2827 383 2889 nisi
399 2827 442 2888 sit
462 2845 481 2888 a
500 2824 595 2902 Deo;
618 2846 718 2889 omne
734 2827 824 2889 enim
847 2826 972 2889 bonum
988 2828 1077 2909 quod
1102 2829 1134 2890 in
1150 2848 1186 2890 se
1202 2839 1255 2894 est

137 2927 275 2997 bonum,
292 2931 327 2984 et
344 2929 486 2983 vocatur
500 2920 626 2982 bonum
642 2919 826 2995 charitatis,
844 2930 879 2983 et
898 2920 988 3002 quod
1010 2921 1042 2982 in
1066 2941 1125 2983 sua
1140 2941 1257 2985 essen·

135 3021 182 3082 tia
194 3026 248 3082 est
264 3017 389 3079 bonum
403 3012 585 3095 spirituale,
599 3033 665 3076 non
680 3024 794 3094 potest
807 3014 969 3096 profluere
981 3015 1024 3078 ab
1036 3015 1182 3091 homine,
1196 3016 1256 3079 sed

137 3134 156 3176 a
171 3111 246 3175 solo
263 3108 430 3183 Domino;
455 3116 490 3169 ut
508 3107 596 3169 enim
613 3106 738 3169 bonum
755 3107 928 3171 charitatis
944 3129 1003 3171 seu
1018 3108 1143 3172 bonum
1160 3110 1255 3191 spiri·

135 3205 226 3270 tuale
243 3205 297 3277 sit,
314 3202 480 3265 Dominus
496 3201 558 3263 erit
582 3201 614 3262 in
637 3199 743 3275 Bono,
760 3202 828 3265 imo
842 3203 905 3265 erit
924 3201 1055 3275 Bonum
1070 3223 1078 3280 ;
1102 3203 1255 3284 procedit

134 3301 222 3363 enim
247 3297 290 3360 ab
313 3295 402 3376 Ipso,
426 3304 462 3357 et
486 3294 575 3375 quod
600 3295 751 3374 procedit
774 3294 817 3357 ab
839 3295 961 3378 aliquo,
985 3296 1049 3359 hoc
1073 3297 1177 3361 trahit
1200 3318 1254 3360 es·

136 3392 281 3456 sentiam
304 3389 347 3452 ab
370 3388 447 3466 illo;
479 3398 531 3452 est
555 3389 643 3451 enim
666 3389 737 3469 ipse
760 3389 794 3451 in
817 3409 897 3466 suo;
927 3409 1028 3472 quare
1044 3391 1072 3453 si
1095 3410 1163 3454 non
1182 3391 1254 3455 Do·

135 3487 245 3549 minus
270 3484 356 3547 foret
383 3481 516 3545 Bonum
538 3481 629 3565 quod
654 3481 757 3545 homo
783 3481 862 3545 lacit
892 3484 1058 3564 proximo,
1082 3504 1141 3547 seu
1164 3487 1255 3568 quod

136 3579 236 3654 idem,
261 3577 323 3640 nisi
347 3576 471 3638 bonum
495 3575 585 3657 quod
614 3575 718 3639 homo
740 3574 818 3638 lacit
843 3577 999 3657 proximo
1027 3576 1112 3641 soret
1139 3599 1158 3642 a
1182 3580 1255 3644 Do·

135 3674 235 3746 mino,
256 3689 324 3733 non
347 3668 487 3731 haberet
512 3671 694 3733 essentiam
719 3669 798 3732 boni
822 3669 855 3731 in
878 3690 925 3744 se,
950 3670 1009 3732 sed
1036 3670 1177 3738 haberet
1200 3694 1254 3737 es·

136 3766 279 3829 sentiam
302 3761 400 3840 mali;
431 3761 535 3826 homo
557 3764 646 3825 enim
668 3763 754 3826 foret
777 3763 810 3825 in
834 3762 902 3838 illo,
919 3772 953 3825 et
977 3764 1080 3828 homo
1102 3766 1135 3829 in
1159 3786 1195 3830 se
1217 3778 1269 3839 et,

135 3879 194 3922 suo
217 3858 352 3939 proprio
375 3876 442 3919 non
469 3866 522 3919 est
553 3857 614 3918 nisi
637 3876 736 3939 quam
768 3856 914 3935 malum3
945 3856 1010 3921 hoc
1034 3858 1159 3922 malum
1190 3863 1255 3943 pri·

135 3971 225 4015 mum
248 3951 491 4015 removendum
507 3959 570 4024 est,
588 3959 624 4012 ut
647 3951 772 4013 bonum
791 3950 880 4031 quod
904 3951 1057 4031 procedit
1080 3952 1123 4015 ab
1145 3953 1254 4018 homi-

136 4066 175 4109 ne
199 4065 266 4109 non
291 4046 335 4108 sit
355 4043 510 4118 hominis,
528 4043 588 4106 sed
611 4042 769 4122 Domini;
792 4043 895 4107 homo
910 4064 978 4106 non
1001 4055 1054 4108 est
1070 4046 1133 4109 nisi
1153 4067 1253 4128 quam

136 4141 298 4222 recipiens
314 4140 426 4216 vitae;
450 4156 518 4201 non
535 4147 587 4200 est
603 4138 674 4200 vita
696 4138 728 4200 in
752 4158 799 4212 se,
816 4156 894 4199 nam
918 4138 945 4199 si
967 4137 1053 4202 soret
1069 4141 1138 4204 vita
1161 4141 1193 4203 in
1217 4161 1253 4204 se

137 4233 218 4298 soret
237 4233 331 4297 Deus
345 4253 352 4309 ;
376 4251 478 4313 quare
495 4230 597 4294 homo
613 4250 681 4293 non
697 4240 749 4294 est
766 4231 826 4293 nisi
843 4231 1006 4312 recipiens
1021 4233 1111 4307 boni,
1128 4233 1253 4299 bonum

139 4330 221 4391 enim
238 4337 292 4391 est
307 4327 409 4400 vitae,
426 4327 503 4406 quia
525 4344 620 4388 amor
635 4334 670 4387 et
693 4326 857 4404 sapientia
879 4334 957 4387 sunt
973 4327 1053 4400 vita,
1070 4336 1104 4389 et
1127 4327 1253 4392 bonum

140 4432 186 4486 est
207 4422 342 4496 amoris,
359 4440 398 4483 ac
415 4438 530 4482 verum
551 4428 604 4482 est
627 4419 831 4500 sapientiae;
854 4417 938 4482 haec
954 4419 1024 4481 vita
1046 4438 1114 4482 non
1137 4431 1252 4501 potest
