2776 5040
291 489 468 543 umuuu
489 489 668 557 Jun1cruu
690 490 805 543 suasa
828 492 999 542 nam-n.
1016 496 1065 560 34.
1192 499 1232 562 43

116 656 164 720 ad
184 654 324 737 cujusvis
342 657 449 721 visum
472 678 540 721 non
563 669 793 722 consentanea
817 661 891 723 Deo
914 670 1002 724 sunt.
1047 660 1130 742 Quis
1153 683 1233 737 non,

116 771 165 815 ex
195 749 261 814 illis
289 752 324 814 in
350 752 510 815 historico
536 772 636 815 sensu
662 751 854 830 intelledlis,
882 765 997 837 potest
1024 756 1233 821 rationaliter

117 844 332 921 concludere,
350 856 386 910 ut
404 847 674 928 comparationes
693 858 778 922 utar,
796 845 911 930 quodffl
930 848 988 911 illa
1005 848 1127 924 forent,
1146 851 1232 914 sicut

117 939 176 1021 qui
203 938 318 1003 clienti
343 959 404 1003 suo
430 940 536 1003 donat
563 959 717 1022 campum
744 941 1026 1017 florentissimum,
1054 954 1089 1007 et
1116 944 1149 1006 in
1175 943 1234 1008 illo

118 1031 235 1096 effodit
259 1042 396 1115 puteum
415 1052 513 1115 quem
538 1034 624 1115 tegit
647 1034 770 1097 tabulis
792 1055 877 1117 quae
900 1036 942 1099 ad
965 1034 1093 1100 tedium
1117 1057 1234 1102 manus

118 1136 178 1189 aut
208 1127 302 1208 pedis
329 1148 365 1190 se
396 1127 575 1190 introrsum
602 1127 754 1203 volvunt,
782 1138 816 1191 et
843 1129 875 1191 in
903 1130 1014 1193 medio
1040 1150 1139 1212 super
1164 1141 1234 1195 sta-

119 1216 233 1300 pedem
252 1221 347 1302 ponit
370 1221 581 1284 meretricem
604 1221 756 1284 indutam
780 1242 923 1304 purpura
945 1234 979 1286 et
1003 1226 1153 1300 coccino,
1172 1225 1232 1289 ha·

118 1314 258 1378 bentem
282 1316 315 1378 in
338 1335 439 1379 manu
460 1335 596 1378 aureum
620 1315 777 1398 poculum
798 1314 899 1397 (sicut
926 1316 1017 1380 illam
1044 1318 1077 1380 in
1100 1318 1231 1398 Apoca-

118 1406 218 1488 lypsi,
243 1410 323 1472 xvii.
348 1409 397 1492 4),
422 1430 507 1492 quae
534 1407 769 1491 blandiloquiis
795 1409 898 1474 allicit
925 1411 1031 1473 virum
1058 1411 1101 1474 ad
1128 1433 1175 1486 se,
1200 1422 1235 1475 et

118 1503 167 1566 sic
187 1502 289 1567 efficit
313 1513 349 1567 ut
373 1505 472 1567 cadat
495 1505 529 1565 in
549 1512 686 1585 puteum
705 1513 740 1566 et
764 1504 1021 1584 submergatur?
1065 1502 1155 1585 Quin
1177 1504 1235 1568 illa

119 1595 230 1660 forent
254 1599 339 1661 sicut
362 1599 434 1680 quis
457 1598 565 1660 amico
587 1617 648 1660 suo
670 1598 762 1660 dono
785 1596 843 1661 dat
866 1616 984 1678 agrum
1007 1596 1234 1662 luxuriantem

119 1709 241 1767 messe,
265 1701 299 1755 et
323 1692 356 1754 in
380 1692 492 1754 medio
515 1690 585 1771 ejus
607 1690 786 1753 abscondit
809 1691 957 1772 pedicas,
976 1711 1016 1754 ac
1039 1693 1165 1754 emittit
1188 1693 1232 1755 si·

119 1803 245 1859 renem,
259 1806 344 1867 quae
360 1785 502 1866 pellacia
514 1793 633 1846 cantus
648 1794 683 1847 et
696 1785 787 1846 vocis
800 1783 906 1847 dulcis
919 1782 1057 1847 alleclet
1074 1785 1106 1847 in
1123 1785 1233 1848 locum

118 1877 224 1953 illum,
248 1899 287 1942 ac
314 1878 413 1942 saciat
441 1888 476 1941 ut
503 1879 672 1940 irretiatur
694 1876 814 1959 laqueo
837 1899 881 1940 ex
905 1898 971 1961 quo
994 1878 1115 1960 pedem
1138 1899 1232 1942 suam

119 1974 288 2036 extricare
300 1970 438 2054 nequit?
472 1970 591 2046 lmmo,
604 1982 641 2035 ut
654 1972 762 2037 adhuc
778 1973 1029 2053 comparatione
1046 1980 1130 2047 utar,
1147 1972 1233 2036 soret

119 2067 206 2130 sicut
225 2068 297 2149 quis
316 2067 485 2148 hospitem
504 2064 651 2128 nobilem
669 2064 896 2128 introduceret
920 2065 952 2127 in
973 2065 1109 2128 domum
1128 2085 1231 2138 suam,

119 2161 175 2223 ubi
194 2161 260 2223 duo
279 2160 449 2231 cenacula,
470 2169 505 2223 et
524 2159 557 2221 in
576 2157 715 2240 singulis
735 2178 891 2235 mensae;
914 2158 958 2221 ad
976 2178 1115 2242 quarum
1134 2180 1234 2223 unam

120 2253 242 2318 sedent
263 2254 396 2335 angeli;
422 2253 464 2315 ad
487 2254 629 2315 alteram
653 2253 930 2326 cacodaemones,
950 2272 1048 2334 super
1070 2273 1135 2335 qua
1157 2265 1234 2317 sunt

119 2348 238 2430 scyphi
257 2348 346 2431 pleni
365 2349 443 2412 vino
459 2347 548 2410 dulci
566 2347 627 2409 sed
646 2347 810 2421 toxicato,
830 2366 868 2409 ac
893 2347 1028 2427 patinae
1046 2368 1145 2429 super
1162 2350 1234 2430 qui·

118 2443 183 2506 bus
204 2442 328 2505 fercula
354 2443 387 2504 in
410 2442 528 2523 quibus
551 2449 628 2504 sunt
651 2440 807 2516 aconita;
839 2459 878 2503 ac
903 2441 1067 2521 permittit
1091 2451 1127 2504 ut
1154 2440 1233 2505 dae·

120 2555 240 2600 mones
271 2537 316 2599 ibi
351 2544 606 2617 repraesentent
639 2534 734 2615 orgia
766 2531 891 2596 Bacchi
924 2543 960 2596 et
995 2533 1235 2599 hariolationes

120 2631 371 2704 comoedorum,
397 2626 464 2692 ac¹⁸¹
491 2629 635 2691 invitent
663 2627 705 2689 ad
733 2626 905 2690 carchesia
930 2637 967 2690 et
993 2627 1141 2710 epularia
1166 2629 1232 2692 illa.

120 2723 199 2800 Sed,
231 2726 276 2787 mi
309 2724 426 2797 amice,
457 2722 541 2785 haec
572 2742 657 2804 quae
688 2730 915 2784 memorantur
945 2721 987 2784 de
1018 2720 1165 2797 Adamo,
1193 2724 1235 2786 de

122 2818 236 2882 Horto
256 2818 328 2890 Dei,
349 2826 383 2879 et
407 2816 449 2879 de
471 2816 557 2878 binis
580 2813 767 2878 Arboribus
786 2815 818 2876 in
842 2813 910 2889 illo,
931 2833 1064 2895 prorsus
1083 2816 1145 2878 sub
1167 2816 1234 2881 alia

121 2909 205 2973 facie
227 2918 402 2992 apparent,
422 2909 557 2991 quando
575 2907 792 2991 spiritualiter
807 2907 1146 2989 comprehenduntur,
1166 2909 1231 2973 hoc

121 3014 185 3079 est,
205 3024 263 3086 per
282 3023 416 3066 sensum
435 3002 641 3084 spiritualem
660 3001 905 3077 exlasciantur:
932 3011 1011 3064 tunc
1031 3003 1234 3085 conspicitur

121 3099 213 3181 quod
231 3118 290 3180 per
306 3095 539 3170 “Adamum,”
555 3106 591 3159 ut
610 3105 740 3177 typum,
760 3093 968 3175 intelligatur
988 3094 1142 3158 Ecclesia
1160 3095 1234 3159 An·

120 3194 328 3276 tiquissima;
358 3211 397 3254 ac
425 3212 483 3273 per
505 3191 595 3253 vitae
622 3189 691 3270 ejus
717 3191 899 3262 versiones,
923 3198 1031 3252 status
1058 3191 1236 3253 successivi

121 3287 208 3351 illius
232 3286 405 3349 Ecclesiae
428 3285 672 3348 describuntur.
718 3282 873 3347 Ecclesia
896 3284 985 3345 enim
1012 3283 1045 3345 in
1073 3284 1235 3367 principio

122 3391 175 3446 est
197 3382 283 3443 sicut
306 3380 408 3442 homo
431 3399 449 3442 e
472 3399 561 3441 novo
584 3388 727 3450 creatus,
747 3378 799 3440 cui
822 3385 874 3439 est
898 3395 993 3439 mens
1016 3376 1178 3440 naturalis
1201 3388 1236 3441 et

122 3473 321 3557 spiritualis;
344 3483 379 3536 et
399 3474 431 3535 in
451 3493 630 3555 progressu
649 3470 686 3534 fit
705 3492 725 3534 a
744 3470 908 3554 spirituali
927 3471 1087 3533 naturalis
1105 3481 1140 3534 et
1159 3481 1236 3535 tan·

122 3570 200 3631 dem
225 3567 397 3641 sensualis,
422 3567 476 3648 qui
501 3566 581 3629 nihil
609 3565 715 3628 credit
744 3565 805 3626 nisi
832 3584 917 3646 quae
943 3584 1060 3626 sensus
1087 3566 1235 3647 corporis

123 3659 273 3725 dictant:
306 3671 340 3723 et
368 3661 420 3723 hic
448 3660 550 3723 homo
577 3669 717 3743 apparet
742 3660 775 3721 in
800 3657 895 3721 caelo
921 3659 1006 3721 sicut
1033 3658 1155 3722 sedens
1181 3679 1236 3721 su·

123 3776 182 3838 per
205 3756 314 3819 bestia
335 3774 421 3837 quae
444 3765 535 3818 retro
557 3751 663 3817 flectit
686 3762 798 3835 caput,
820 3762 854 3815 et
878 3752 1049 3815 hominem
1072 3753 1133 3815 sibi
1156 3753 1234 3815 insi-

123 3851 262 3913 dentem
281 3849 438 3912 dentibus
457 3849 604 3928 stringit,
625 3847 808 3910 laceratae
828 3844 989 3923 dilaniat;
1013 3855 1049 3908 at
1069 3866 1146 3910 vere
1169 3848 1236 3929 spi-

123 3942 251 4007 ritualis
277 3942 381 4006 homo
403 3951 543 4024 apparet
569 3941 602 4003 in
628 3940 722 4005 caelo
749 3940 852 4003 etiam
879 3940 965 4002 sicut
994 3939 1116 4002 sedens
1139 3960 1237 4021 super

124 4038 242 4111 bestia,
259 4037 318 4100 sed
338 4037 486 4111 domata,
503 4054 603 4118 quam
619 4034 776 4098 mollibus
791 4033 932 4096 habenis
948 4042 983 4097 et
1001 4053 1133 4117 quoque
1149 4034 1237 4098 nuti·

123 4132 185 4195 bus
203 4132 300 4214 regit.

183 4340 255 4408 34.
284 4326 336 4395 (ν.)
359 4322 485 4394 Ouinius
498 4328 600 4385 riorus
614 4321 702 4404 hujus
723 4320 884 4383 Ecclesiae
905 4320 964 4383 rur'r
975 4319 1136 4401 Separatio
1149 4319 1239 4382 bono·

125 4433 193 4477 rum
206 4435 226 4477 a
240 4413 339 4485 mulir,
355 4432 435 4495 queo
456 4412 516 4476 iuri
530 4411 666 4476 Ultimum
680 4410 831 4474 dudioium
844 4427 939 4492 super·
953 4428 1057 4473 omncs
1070 4409 1125 4491 pri
1135 4409 1173 4472 ab
1185 4409 1238 4472 ma
