2776 5040
479 485 606 538 mss1o
628 484 848 538 muers-n.
864 488 914 536 22.
1216 491 1252 556 3¹

201 652 269 720 Sed
292 654 378 719 haec
397 665 477 720 sunt
497 656 600 720 modo
618 658 808 730 summaria,
829 677 915 739 quae
938 657 971 720 in
995 655 1060 721 line
1078 656 1176 738 hujus
1194 679 1254 722 vo·

135 747 282 825 luminis,
307 751 362 812 ubi
385 750 428 814 de
449 750 611 833 Mystmo
632 750 879 832 Redemptiom's
901 752 1071 834 agendum
1099 762 1162 826 est,
1186 753 1254 814 sin·

136 844 280 926 gulatim
304 845 514 920 evolvantur,
534 866 573 908 ac
597 847 630 908 in
651 856 828 929 utramque
847 845 956 910 lucem
980 843 1079 910 tam1¹¹
1097 848 1254 930 spiritua·

135 939 204 1002 lem
223 960 323 1022 quam
343 940 533 1003 naturalem
554 941 741 1003 mittentur.

198 1049 263 1100 Μ.
293 1034 434 1116 Insuper
455 1035 493 1096 in
520 1055 581 1097 suo
607 1033 750 1098 articulo
776 1036 810 1097 in
837 1036 1056 1117 sequentibus
1079 1036 1254 1100 evincetur

133 1128 227 1209 quod
257 1129 371 1191 Passio
401 1128 516 1192 Crucis
547 1129 683 1191 Domini
713 1150 780 1191 non
813 1129 910 1193 luerit
946 1130 1162 1212 Redemptio,
1194 1131 1254 1194 sed

134 1222 282 1284 medium
301 1223 439 1285 intimae
459 1223 602 1287 Unionis
621 1243 696 1286 cum
716 1223 840 1287 Divino
859 1224 977 1299 Patris,
997 1245 1042 1288 ex
1061 1244 1128 1307 quo
1146 1226 1254 1289 exivit

133 1325 171 1378 et
194 1317 227 1378 in
247 1317 337 1398 quod
360 1317 467 1381 rediit.
514 1317 553 1380 In
576 1338 678 1400 opere
705 1317 791 1382 Vera
816 1316 1014 1382 Christiana
1035 1318 1175 1399 Religio,
1196 1339 1253 1382 cu·

129 1408 184 1491 jus
203 1409 389 1493 Appendix
412 1422 464 1475 est
488 1412 552 1474 hoc
587 1409 756 1487 volumen,
781 1431 812 1474 n.
836 1427 904 1492 132,
927 1428 996 1492 133,
1016 1432 1159 1476 exorsus
1182 1435 1254 1478 sum

133 1504 369 1569 demonstrare
391 1507 481 1588 quod
509 1507 623 1569 Passio
646 1505 761 1570 Crucis
784 1504 940 1569 credatur
962 1504 1062 1567 luisse
1084 1505 1157 1586 ipsa
1184 1505 1252 1567 Re·

133 1599 287 1681 demptio
299 1602 342 1663 sit
354 1600 614 1664 fundamentalis
627 1621 719 1664 error
731 1599 906 1663 Ecclesiae
918 1598 1101 1662 hodiernae
1114 1598 1253 1662 Christi·

133 1712 240 1770 anae;
269 1704 304 1757 et
323 1695 414 1777 quod
437 1694 493 1758 ille
512 1716 613 1769 error,
633 1716 698 1757 una
717 1714 793 1757 cum
812 1713 924 1757 errore
947 1693 989 1755 de
1009 1693 1114 1756 tribus
1134 1694 1251 1756 Perso-

135 1788 187 1850 nis
210 1788 340 1851 Divinis
363 1789 406 1851 ab
429 1798 579 1861 aeterno,
600 1789 799 1871 perverterit
822 1798 933 1852 totam
952 1786 1143 1851 Ecclesiam
1165 1788 1252 1851 adeo

134 1892 173 1945 ut
200 1902 267 1945 non
290 1883 426 1966 aliquod
449 1884 617 1946 residuum
641 1882 813 1964 spirituale
837 1884 870 1945 in
893 1881 951 1944 illa
974 1883 1128 1964 supersit.
1174 1881 1251 1946 Hoc

134 1976 274 2040 ulterius
306 1979 339 2041 in
372 1979 589 2060 sequentibus
622 1980 725 2042 etiam
756 1977 1061 2054 demonstrabitur;
1096 1987 1132 2040 et
1161 1978 1251 2059 quod

133 2071 221 2134 duae
236 2072 314 2135 illae
329 2072 495 2135 falsitates
511 2093 550 2137 ac
563 2074 768 2155 imposturae
781 2071 902 2134 luerint
918 2072 1149 2153 comparative
1164 2072 1251 2136 sicut

133 2166 320 2248 papiliones
335 2166 467 2248 jugales
490 2166 645 2230 volantes
667 2168 701 2229 in
724 2167 835 2240 horto,
855 2167 910 2248 qui
933 2167 1066 2248 pariunt
1089 2187 1154 2230 ova
1176 2187 1251 2230 ver-

134 2261 272 2336 micosa,
286 2282 371 2343 quae
384 2258 550 2337 exclusal¹1
563 2262 718 2323 arborum
728 2260 807 2324 folia
822 2261 865 2323 ibi
883 2261 1016 2341 penitus
1027 2272 1249 2325 consumunt:

134 2365 169 2418 et
193 2375 325 2438 quoque
344 2356 433 2438 quod
457 2355 576 2419 luerint
597 2357 682 2419 sicut
702 2356 891 2419 coturnices
915 2375 933 2418 e
957 2356 1039 2417 mari
1058 2375 1156 2436 super
1175 2376 1250 2419 cas·

134 2459 188 2513 tra
211 2449 438 2513 Israelitarum
457 2450 633 2524 demissae,
654 2471 698 2513 ex
721 2450 850 2533 quibus,
871 2449 950 2512 dum
974 2449 1249 2523 comedebantur,

133 2543 168 2606 in
191 2544 316 2627 populo
339 2544 440 2627 plaga
462 2564 587 2626 magna
609 2540 697 2608 lacta
719 2554 792 2621 est;
826 2554 862 2607 et
884 2543 948 2606 hoc
972 2554 1152 2626 propterea
1174 2546 1251 2627 quia

133 2657 212 2702 man
236 2659 254 2702 e
277 2638 383 2713 caelo,
405 2658 464 2720 per
484 2639 573 2721 quod
596 2639 630 2701 in
653 2658 810 2720 supremo
833 2657 932 2700 sensu
955 2636 1155 2718 intelligitur
1178 2638 1249 2702 Do·

134 2733 252 2807 minus,
269 2732 502 2795 lastidiverunt
518 2742 553 2795 et
569 2742 767 2814 spreverunt
786 2730 900 2813 (Num.
917 2731 962 2793 xi.
981 2744 1008 2810 5,
1021 2729 1052 2804 6,
1068 2745 1190 2811 32-353
1213 2742 1249 2795 et

133 2826 214 2901 Joh.
233 2828 275 2889 vi.
295 2843 345 2906 31,
367 2843 416 2906 32,
434 2841 550 2907 49-51,
573 2825 637 2908 58).
688 2825 735 2888 Et
759 2846 858 2908 porro
877 2825 944 2888 duo
967 2823 1014 2886 illi
1032 2844 1160 2888 errores
1179 2825 1249 2889 lue·

132 2932 211 2986 runt
240 2923 326 2985 sicut
356 2922 443 2984 duae
472 2920 584 2984 stillae
613 2920 758 3002 fuliginis
784 2942 842 2984 seu
869 2919 989 2982 atroris
1016 2919 1143 2993 sutorii,
1170 2920 1249 2983 vino

133 3015 236 3079 nobili
265 3016 403 3090 infusae,
431 3035 469 3078 ac
496 3016 529 3077 in
556 3016 644 3078 vitro
671 3011 903 3087 circumactae,
931 3033 976 3075 ex
1003 3012 1122 3095 quibus
1148 3032 1249 3077 omne

132 3110 317 3193 limpidum,
341 3120 438 3192 grate
464 3108 582 3172 halans
608 3118 643 3170 et
667 3108 818 3190 sapidum
840 3108 919 3182 vini,
943 3115 1120 3171 vertuntur
1141 3106 1175 3169 in
1197 3107 1247 3171 ni·

131 3223 240 3288 grum,
259 3203 397 3279 olidum,
417 3212 452 3268 et
471 3202 755 3267 nauseabundum.
