2776 5040
136 447 177 530 56
458 460 508 511 na
531 459 637 513 nova
660 458 937 513 amnosomora

134 639 228 694 amat
251 630 309 693 illa
328 640 467 712 propter
485 651 532 702 se,
553 630 581 693 is
605 650 673 693 non
691 638 786 694 amat
805 628 864 694 illa
882 628 983 693 aliter
1001 649 1104 713 quam
1123 628 1242 693 famuli·

134 727 193 800 tia,
217 725 295 807 quia
318 726 468 787 serviunt
492 725 574 786 sibi:
610 724 689 787 inde
712 725 864 806 sequitur
885 723 976 806 quod
999 724 1056 806 qui
1083 725 1118 788 in
1140 743 1245 788 amore

134 821 183 883 sui
200 829 264 893 est,
279 819 362 882 velit
379 828 415 880 ut
432 817 588 890 ecclesia,
600 818 721 899 patria,
730 818 917 880 societates
932 815 1115 893 humanae,
1124 826 1161 881 et
1172 836 1245 881 con·

134 914 236 986 cives,
256 913 406 976 serviant
426 912 499 986 sibi,
520 920 555 975 et
575 930 643 974 non
662 910 690 974 is
709 909 796 989 illis;
819 911 916 992 ponit
935 929 973 973 se
991 930 1095 993 supra
1114 910 1203 986 illos,
1218 921 1247 974 et

133 1007 210 1070 illos
226 1007 310 1070 inira
327 1028 372 1070 se.

192 1117 264 1186 70·
293 1102 409 1175 Porro,
425 1111 592 1184 quantum
611 1100 686 1182 quis
704 1101 738 1163 in
753 1118 870 1164 amore
885 1099 1030 1164 caelesti
1046 1109 1114 1175 est,
1130 1100 1248 1183 quiesi

134 1215 247 1258 amare
264 1215 342 1257 usus
361 1204 396 1258 et
414 1194 516 1267 bona,
533 1202 568 1256 et
585 1191 672 1255 affici
688 1191 837 1273 jucundo
855 1192 967 1255 cordis
983 1211 1061 1256 cum
1080 1191 1140 1257 ilia
1159 1212 1249 1274 prae·

134 1298 216 1362 stat,
233 1298 369 1351 tantum
393 1288 527 1349 ducitur
545 1307 565 1349 a
590 1285 749 1360 Domino,
766 1287 845 1368 quia
862 1285 920 1350 ille
938 1304 1036 1350 amor
1054 1296 1109 1351 est
1132 1288 1168 1350 in
1190 1307 1250 1370 quo

134 1382 223 1464 lpse,
241 1392 276 1446 et
295 1383 351 1464 qui
369 1382 413 1444 ab
433 1381 531 1463 Ipso:
556 1390 592 1443 at
611 1388 777 1463 quantum
796 1380 916 1463 aliquis
935 1381 968 1442 in
985 1399 1103 1444 amore
1123 1382 1174 1444 sui
1189 1391 1249 1456 est,

134 1485 268 1540 tanturn
285 1477 419 1538 ducitur
434 1496 453 1537 a
470 1484 579 1539 semet
592 1495 600 1551 ;
624 1484 659 1538 et
675 1484 840 1556 quantum
853 1475 988 1538 ducitur
1003 1495 1024 1536 a
1038 1484 1163 1548 semet,
1177 1485 1250 1539 tan·

134 1580 207 1633 tum
230 1569 364 1632 ducitur
386 1589 406 1631 a
433 1569 568 1651 proprio
594 1588 665 1642 sue,
685 1587 725 1631 ac
748 1569 919 1650 proprium
936 1568 1085 1631 hominis
1108 1579 1251 1632 nonest

134 1665 196 1726 nisi
215 1683 317 1746 quam
337 1662 473 1736 malurn,
485 1671 538 1726 est
554 1664 644 1726 enim
662 1661 789 1724 malum
807 1661 879 1743 ejus
897 1661 1250 1746 hereditarium‚quod

134 1768 187 1821 est
206 1778 243 1822 se
259 1779 373 1822 amare
390 1778 470 1839 prae
487 1758 573 1830 Deo,
586 1767 622 1820 et
640 1756 801 1819 mundum
822 1776 902 1839 prae
917 1756 1025 1821 caelo.

192 1864 258 1933 71.
288 1850 400 1912 Amor
415 1851 465 1912 sui
482 1851 586 1912 etiam
603 1850 682 1911 talis
700 1858 766 1921 est,
783 1859 821 1912 ut
839 1859 1007 1932 quantum
1022 1848 1072 1912 illi
1091 1848 1251 1912 laxantur

134 1942 237 2018 frena,
265 1943 331 2006 hoc
361 1952 425 2017 est,
454 1952 674 2005 removentur
702 1940 840 2005 vincula
870 1951 1028 2015 externa,
1057 1962 1146 2025 quae
1176 1950 1251 2005 sunt

134 2038 274 2101 timores
287 2057 347 2119 pro
361 2036 437 2118 lege
453 2046 489 2100 et
501 2035 571 2117 ejus
588 2036 717 2118 poenis,
730 2055 858 2118 proque
868 2033 998 2117 jaftura
1009 2036 1132 2112 famae,
1146 2037 1251 2100 hono-

134 2133 189 2206 ris,
214 2132 307 2207 lucri,
331 2129 511 2196 functionis
534 2140 570 2194 et
592 2131 695 2203 vitae,
720 2140 857 2194 tantum
879 2140 967 2205 ruat,
992 2151 1101 2213 usque
1125 2142 1163 2196 ut
1186 2151 1251 2196 non

135 2225 239 2288 modo
254 2227 420 2309 imperare
432 2224 514 2287 velit
532 2245 633 2307 super
651 2225 844 2288 universum
864 2234 1029 2288 terrarum
1047 2226 1179 2302 orbem,
1195 2225 1252 2291 sed

134 2320 238 2383 etiam
262 2341 362 2402 super
384 2319 527 2391 caelum,
552 2329 587 2381 et
613 2339 714 2400 super
736 2319 845 2401 ipsum
874 2319 1054 2396 Divinum;
1088 2340 1252 2404 nusquam

135 2423 189 2477 est
212 2415 242 2477 ei
265 2414 386 2497 aliquis
405 2415 569 2477 terminus
588 2433 647 2477 seu
670 2411 755 2476 finis.
802 2411 879 2476 Hoc
904 2412 991 2477 latet
1013 2414 1046 2476 in
1066 2418 1253 2498 unoquovis

134 2508 190 2588 qui
208 2508 242 2570 in
262 2528 377 2572 amore
396 2509 446 2571 sui
465 2517 528 2580 est,
550 2508 689 2571 tametsi
709 2526 777 2570 non
794 2516 891 2589 patet
910 2527 1025 2570 coram
1042 2510 1183 2586 mundo,
1200 2511 1253 2574 ubi

135 2620 211 2664 eum
233 2599 325 2664 dicia
346 2602 439 2664 irena
462 2611 498 2664 et
516 2601 651 2664 vincula
674 2602 844 2677 retinent;
868 2611 903 2665 et
927 2602 1067 2684 quisque
1089 2603 1181 2678 talis,
1200 2605 1254 2667 ubi

135 2697 270 2759 obviam
288 2695 325 2759 fit
342 2697 561 2779 impossibile,
576 2697 620 2759 ibi
636 2697 791 2783 subsistit
809 2716 914 2779 usque
930 2698 1010 2759 dum
1026 2695 1065 2760 fit
1082 2699 1254 2780 possibile.

135 2790 192 2853 Ex
211 2791 262 2854 his
282 2802 317 2854 et
337 2791 402 2853 illis
420 2801 484 2863 est,
504 2791 594 2874 quod
619 2790 734 2865 homo,
753 2792 809 2873 qui
832 2792 865 2853 in
885 2790 946 2854 tali
965 2810 1081 2854 amore
1099 2802 1166 2867 est,
1186 2813 1254 2857 non

134 2887 220 2948 sciat
239 2886 329 2968 quod
349 2886 428 2948 talis
443 2905 570 2947 vesana
588 2885 715 2967 absque
735 2884 844 2948 limite
862 2886 986 2966 cupido
1004 2886 1037 2947 in
1057 2886 1117 2949 illo
1134 2885 1253 2952 lateat.

135 2978 237 3060 Quod
256 2990 372 3042 tamen
390 2982 437 3042 ita
456 2982 510 3052 sit,
531 2998 633 3041 nemo
656 2999 724 3042 non
744 2989 861 3060 potest
880 2980 995 3043 videre
1017 2980 1107 3061 apud
1130 2991 1254 3062 poten·

135 3082 189 3136 tes
212 3084 248 3138 et
272 3094 380 3155 reges,
405 3075 525 3156 quibus
548 3093 617 3136 non
640 3073 725 3137 talia
747 3074 851 3149 irena,
871 3073 1018 3148 vincula,
1038 3084 1074 3138 et
1097 3075 1255 3157 impossi-

134 3165 215 3230 bilia
244 3180 334 3241 sunt‚
363 3170 418 3251 qui
447 3178 546 3230 ruunt
578 3178 613 3231 et
641 3167 824 3249 subjugant
854 3169 1043 3251 provincias
1073 3178 1109 3232 et
1136 3190 1274 3251 regna„

134 3273 300 3345 quantum
320 3262 385 3325 illis
404 3262 568 3335 succedit,
586 3272 621 3325 et
640 3263 816 3345 adspirant
834 3264 878 3326 ad
902 3264 1095 3345 potentiam
1118 3274 1155 3328 et
1178 3265 1255 3346 glo·

134 3358 218 3420 riam
238 3357 327 3420 ultra
350 3357 495 3433 limites;
524 3367 559 3419 et
583 3357 693 3419 adhuc
718 3359 827 3438 magis
850 3358 941 3440 apud
965 3357 1042 3421 illos
1065 3359 1122 3440 qui
1145 3360 1254 3423 dorni·

135 3461 254 3514 natum
268 3452 461 3514 extendunt
477 3453 510 3513 in
527 3451 670 3523 caelum,
684 3462 720 3516 et
736 3473 872 3516 omnem
890 3454 1081 3534 potentiam
1095 3453 1254 3518 Divinam

135 3546 275 3611 Domini
294 3548 327 3608 in
345 3566 381 3608 se
397 3547 617 3619 transferunt,
635 3557 669 3610 et
690 3547 852 3609 continue
871 3549 1012 3629 cupiunt
1029 3546 1128 3611 ultra.

193 3657 259 3726 7²·
287 3641 374 3706 Sunt
397 3642 465 3704 duo
483 3642 625 3705 dominii
643 3662 795 3724 genera;
821 3662 925 3705 unum
948 3653 1002 3706 est
1023 3645 1151 3706 amoris
1173 3664 1255 3726 erga

135 3738 339 3817 proximum,
360 3745 395 3797 et
414 3735 560 3798 alterum
579 3746 632 3798 est
652 3737 776 3799 amoris
794 3737 854 3798 sui.
901 3735 997 3798 Haec
1017 3737 1086 3798 duo
1105 3737 1255 3801 dominia

135 3840 215 3894 sunt
233 3831 267 3893 in
286 3851 346 3893 sua
365 3832 514 3893 essentia
530 3831 592 3892 sibi
612 3850 747 3912 prorsus
763 3831 933 3911 opposita.
976 3829 1041 3911 Qui
1059 3831 1255 3896 dominatur

134 3945 180 3989 ex
198 3944 314 3989 amore
333 3945 415 4006 erga
432 3926 635 4007 proximum,
652 3925 681 3987 is
696 3924 770 3987 vult
787 3925 945 3987 omnibus
963 3926 1101 3998 bonurn,
1119 3935 1156 3990 et
1173 3924 1254 3989 nihil

135 4018 210 4099 plus
232 4031 326 4082 amat
349 4039 451 4101 quam
479 4040 557 4081 usus
580 4029 764 4100 praestare,
789 4020 837 4081 ita
863 4020 989 4082 servire
1015 4019 1089 4082 aliis
1115 4018 1255 4101 (servire

134 4112 209 4176 aliis
227 4123 280 4176 est
297 4113 371 4175 aliis
390 4133 435 4177 ex
454 4113 540 4176 bene
556 4111 646 4176 velle
664 4112 873 4188 benefacere,
891 4122 927 4177 et
946 4134 1025 4176 usus
1042 4115 1253 4197 praestare);

133 4205 199 4270 hoc
217 4206 287 4287 ejus
306 4226 403 4269 amor
421 4216 484 4280 est,
499 4215 534 4269 et
553 4207 618 4270 hoc
634 4205 818 4288 jucundum
835 4208 946 4270 cordis
962 4207 1052 4287 ejus;
1077 4209 1105 4270 is
1120 4228 1253 4292 quoque

134 4312 299 4384 quantum
323 4301 479 4365 evehitur
497 4302 539 4363 ad
562 4301 761 4382 dignitates,
782 4312 918 4366 tantum
941 4322 1074 4384 quoque
1094 4302 1252 4379 laetatur,

134 4414 251 4460 verum
270 4415 338 4460 non
355 4405 493 4479 propter
511 4396 712 4478 dignitates,¹
728 4396 788 4459 sed
808 4407 946 4479 propter
963 4416 1051 4472 usus,
1069 4417 1155 4480 quos
1171 4406 1253 4462 tunc
