2776 5040
115 902 202 1017 DE
241 899 414 1018 NOVA
453 894 929 1015 HIEROSOLYMA
968 893 1042 1008 ET
1079 889 1232 1036 EJUS

353 1116 662 1236 DOCTRINA
698 1110 1001 1233 CAELESTI.

117 1695 174 1757 DE
212 1694 323 1758 Novo
355 1693 485 1759 Cesso
517 1706 567 1757 ur
599 1692 711 1757 Nove
743 1691 900 1770 Taurum
944 1704 994 1754 ur
1030 1671 1123 1768 Qum
1160 1703 1231 1753 rsit

245 1803 414 1868 “Novum
440 1801 779 1868 Hrmosomum’*
802 1814 1088 1866 mraummrua.

258 2059 424 2126 ICITUR
446 2061 480 2125 in
498 2059 715 2143 Apocalypsi,

124 2061 257 2334 D
285 2229 368 2280 “Vidi
381 2230 484 2280 caelum
497 2243 597 2279 novum
610 2237 637 2279 et
648 2239 747 2279 terram
760 2242 867 2287 nomm,
898 2228 1079 2277 rimumenim
1092 2228 1194 2278 caelum
1206 2239 1234 2278 et
1311 2174 1313 2178 λ

247 2296 334 2361 prima
343 2305 415 2345 terra
424 2296 598 2346 transierant.
608 2331 630 2346 ..
641 2331 647 2345 .
670 2294 732 2345 Et..
742 2294 808 2345 .vidi
816 2309 865 2343 san
911 2308 937 2343 m
945 2293 1018 2343 illam
1026 2293 1159 2344 civitatem
1168 2293 1234 2344 Hie·

247 2360 412 2424 rosolymam
423 2359 537 2420 Novam,
545 2360 753 2410 descendentem
765 2375 782 2409 a
794 2358 853 2409 Deo
865 2374 880 2409 e
892 2358 973 2417 cneio,
980 2368 1100 2421 paratam
1111 2369 1142 2408 ut
1152 2373 1234 2422 spon-

247 2441 318 2478 sam.
329 2439 430 2476 ¹comm
441 2427 501 2476 viro
512 2425 588 2476 sno.”
620 2424 784 2476 ....Civitas
797 2425 933 2475 “habebat
946 2438 1052 2473 mutum
1063 2438 1192 2487 magnum
1206 2434 1234 2475 et

246 2493 339 2550 altum,
349 2491 394 2555 qui
405 2492 520 2541 habebat
532 2501 624 2555 portus
633 2491 782 2549 duodecim,
790 2500 817 2540 et
828 2491 856 2539 in
868 2489 952 2553 portis
961 2489 1073 2552 angelos
1084 2490 1233 2549 duodecim,

247 2567 274 2608 et
285 2557 396 2606 nomina
405 2557 539 2619 inscripta,
547 2571 615 2621 quae
624 2565 687 2606 sunt
696 2556 807 2605 nomina
815 2555 955 2605 duodecim
965 2555 1094 2605 tribuum.
1105 2554 1233 2605 .lsraelis.

251 2621 348 2675 ....Et
365 2637 457 2672 murus
474 2623 588 2672 civitatis
605 2622 720 2671 habebat
737 2621 913 2670 fundamenta
930 2620 1078 2678 duodecim,
1092 2621 1120 2669 in
1137 2620 1233 2684 quibus

247 2687 388 2738 duodecim
406 2687 518 2736 nomina
534 2687 719 2750 apostolorum
737 2685 817 2749 Agui.
851 2684 976 2748 ....1psa
992 2685 1086 2735 civitas
1103 2685 1235 2749 quadren-

247 2752 348 2816 gularis
370 2752 422 2802 sita
438 2762 488 2810 est,
505 2751 581 2814 eujus
598 2752 739 2815 longitudo
756 2760 832 2801 tante
847 2760 904 2800 emt
921 2759 1023 2814 quante
1039 2750 1159 2801 latitudo.
1200 2750 1234 2800 Et

249 2832 358 2868 mensus
376 2827 418 2867 eet
434 2818 570 2867 civitatem
589 2818 693 2866 calamo
710 2817 744 2866 ad
762 2817 907 2867 stadiorum
926 2816 1066 2866 duodecim
1085 2815 1184 2875 millia3
1207 2826 1234 2866 et

249 2892 326 2934 erant
339 2882 479 2944 longitudo
493 2892 520 2932 et
533 2881 647 2932 latitudo
664 2892 691 2932 et
705 2882 818 2932 altitudo
832 2882 890 2944 ejus
905 2881 1038 2945 aequales.
1073 2880 1106 2930 Et
1123 2894 1234 2931 mensus

248 2959 290 2998 est
303 2962 408 2998 murum
422 2947 482 3010 ejus
499 2956 606 2998 centum
621 2948 798 3011 quadraginta
810 2956 924 3011 quatuor
936 2947 1094 3005 cubitorum,
1108 2960 1235 2996 mensure

246 3012 370 3071 hominis,
383 3027 451 3076 quae
463 3023 505 3062 est
516 3013 612 3076 angeli.
634 3011 728 3062 ..Erat
746 3026 837 3061 murus
854 3011 913 3074 ejus
927 3026 961 3061 ex
975 3011 1087 3075 jaspide,
1099 3011 1158 3074 ipse
1168 3025 1234 3061 vero

247 3079 340 3128 civitas
354 3093 448 3127 aurum
462 3092 566 3141 purum,
576 3077 663 3127 simile
674 3078 745 3127 vitro
756 3091 838 3140 puro:
857 3086 884 3126 et
898 3077 1074 3127 fundamenta
1087 3077 1156 3127 muri
1170 3077 1234 3126 civi·

248 3145 310 3194 tatis
327 3158 361 3193 ex
378 3144 453 3192 omni
470 3143 559 3206 lepide
576 3143 695 3206 pretioso
700 3179 777 3193 .....
814 3141 962 3192 Duodecim
980 3152 1073 3205 portae
1090 3142 1232 3193 duodecim

248 3209 406 3271 margaritae
429 3217 600 3266 erant3...et
621 3207 711 3270 platea
733 3207 849 3257 civitatis
873 3222 967 3256 aurum
991 3221 1086 3270 purum
1106 3217 1233 3272 tanquam

248 3275 345 3324 vitrum
364 3273 535 3338 pellucidum.
563 3273 719 3324 ....Gloria
742 3272 793 3323 Dei
815 3272 965 3323 illustrabat
981 3272 1063 3332 illam,
1075 3283 1103 3324 et
1125 3274 1235 3324 lucerna

247 3339 306 3402 ejus
323 3348 382 3388 erat
395 3339 499 3401 Agnus.
522 3338 686 3389 ....Gentes
703 3353 771 3402 quae
787 3347 911 3388 servatae
928 3338 1043 3397 luerunt,
1058 3339 1235 3389 ambulabunt

247 3405 281 3454 ad
293 3404 385 3454 lucem·
394 3404 461 3466 ejus,
473 3413 500 3453 et
512 3418 590 3467 reges
604 3413 690 3453 terrae
704 3403 817 3467 gloriam
831 3417 907 3454 suam
920 3412 947 3454 et
960 3404 1091 3454 honorem
1106 3418 1184 3454 suum
1199 3405 1233 3454 ad

248 3469 320 3519 illam
333 3468 468 3520 aiierent”
480 3469 547 3532 (cap.
559 3469 612 3519 xxi.
627 3481 649 3529 1,
662 3481 684 3529 a,
699 3469 796 3531 1244).

118 3653 235 3720 Homo
249 3655 304 3740 qui
323 3655 407 3719 haec
425 3653 521 3738 legit,
536 3675 605 3719 non
623 3654 723 3719 aliter
739 3654 796 3719 iila
814 3655 976 3738 intelligit
992 3673 1093 3739 quam
1112 3675 1233 3720 secun·

117 3765 197 3828 dum
219 3782 357 3828 sensum
379 3763 537 3842 litterae;
562 3783 696 3847 nempe,
717 3766 807 3847 quod
827 3765 1010 3848 periturum
1033 3764 1079 3829 sit
1101 3763 1232 3828 caelum

116 3871 323 3957 aspediabile
351 3893 427 3937 cum
455 3883 556 3949 terra,
583 3882 619 3938 et
647 3893 773 3937 novum
803 3873 935 3938 caelum
962 3875 1178 3951 exstiturum,
1198 3884 1234 3940 et

116 3983 205 4066 quod
232 4003 333 4065 super
360 4002 484 4047 novam
513 3992 638 4047 terram
667 3983 872 4048 descensura
899 3985 942 4048 sit
969 3980 1087 4047 sancia
1114 3984 1234 4049 civitas

119 4091 369 4173 Hierosolyma,
389 4100 425 4156 et
444 4093 534 4175 quod
554 4092 613 4156 illa
635 4092 746 4156 futura
770 4093 814 4156 sit
833 4093 944 4175 quoad
963 4111 1040 4155 suas
1059 4110 1233 4157 mensuras

117 4199 302 4264 secundum
332 4199 607 4283 descriptionem.
654 4198 721 4266 Sed
747 4200 861 4283 angeli
889 4221 1024 4283 prorsus
1050 4199 1149 4266 aliter
1176 4202 1233 4266 illa

117 4307 326 4390 intelligunt,
344 4326 479 4391 nempe,
497 4307 631 4391 singula
654 4308 875 4392 spiritualiter
896 4329 982 4392 quae
1004 4309 1110 4374 homo
1132 4318 1232 4373 natu·

117 4415 252 4497 taliter3
279 4425 315 4481 et
333 4416 421 4481 sicut
439 4415 554 4500 angeli
576 4415 784 4499 intelligunt,
805 4417 853 4482 ita
875 4415 1069 4501 significant
1087 4417 1167 4499 illa;
1196 4429 1232 4484 et
