2776 5040
211 454 252 516 62
682 465 854 517 sonorus

214 639 365 721 equitum
391 648 449 702 aut
477 657 647 701 cursorum
678 647 759 700 ante
789 636 894 712 illum,
922 657 1035 720 exque
1064 635 1269 720 splendente
1295 647 1322 700 et

213 753 379 815 purpureo
398 730 541 810 amidtu3
571 742 623 795 ast
641 730 752 795 cultus
770 732 1082 814 repraesentativus
1097 733 1263 813 genuinus
1280 744 1322 794 est

212 829 300 891 sicut
323 829 378 910 qui
401 824 554 910 aspectat
577 846 705 909 regem,
729 827 924 908 principem,
949 836 1164 908 magnatem,
1189 836 1248 890 aut
1272 826 1323 889 ali·

213 942 313 1006 quem
332 921 491 985 excelsae
509 922 686 1002 dignitatis
704 921 821 993 virum,
842 942 886 982 ex
910 919 1075 1001 religione
1093 920 1167 1001 ejus
1187 930 1223 984 et
1246 923 1323 1002 sapi·

211 1017 304 1080 entia
323 1015 402 1097 ejus,
423 1025 524 1098 atque
548 1036 593 1078 ex
612 1014 742 1095 justitia
761 1024 795 1077 et
815 1014 940 1095 judicio
959 1014 1040 1095 ejus,
1061 1024 1096 1078 et
1120 1036 1168 1078 ex
1192 1014 1245 1078 his
1263 1034 1324 1078 me·

212 1119 345 1171 morata
356 1109 501 1190 insignia
513 1109 650 1171 honoris
663 1108 743 1189 ejus.
788 1110 892 1172 Porro
903 1107 1016 1171 cultus
1032 1108 1269 1173 idololatricus
1280 1120 1325 1172 est

211 1204 299 1266 sicut
318 1204 373 1286 qui
392 1200 524 1285 spectat
547 1204 726 1285 primatem
746 1202 922 1266 Ecclesiae
941 1203 1051 1266 solum
1075 1223 1121 1266 ex
1142 1205 1246 1266 cidari
1265 1204 1325 1284 ejus

211 1306 247 1360 et
265 1296 428 1360 clenodiis
447 1298 480 1360 in
503 1296 570 1371 illa,
588 1306 646 1359 aut
665 1295 767 1360 alium
787 1295 977 1380 praesulem
996 1306 1054 1359 aut
1074 1297 1269 1361 antistitem
1287 1319 1325 1361 ex

211 1390 314 1453 infula
329 1410 368 1453 ac
385 1392 484 1454 mitra
500 1410 635 1468 eorum;
659 1410 697 1453 ac
712 1390 823 1454 cultus
836 1392 1148 1472 repraesentativus
1165 1393 1325 1473 genuinus

211 1493 265 1547 est
291 1486 377 1548 sicut
404 1486 459 1568 qui
486 1481 618 1567 spodiat
645 1484 722 1547 illos
749 1505 794 1547 ex
821 1484 895 1547 zelo
917 1486 1041 1547 amoris
1068 1505 1130 1566 pro
1158 1486 1326 1549 animabus

211 1578 385 1642 hominum
410 1579 596 1655 Ecclesiae,
620 1590 656 1644 et
680 1600 741 1662 pro
763 1579 873 1642 salute
896 1589 1037 1642 aeterna
1059 1578 1207 1651 illarum,
1229 1590 1264 1644 et
1286 1601 1326 1644 ex

134 1700 141 1715 ·
211 1672 263 1736 his
279 1674 423 1754 insignia
439 1674 559 1755 capitis
575 1694 700 1737 eorum.
746 1673 883 1748 Adhuc,
901 1673 1012 1736 cultus
1028 1673 1265 1738 idololatricus
1280 1684 1327 1738 est

212 1768 298 1830 sicut
325 1788 407 1848 ager
433 1767 551 1849 plenus
575 1768 713 1830 calamis
736 1769 864 1850 absque
887 1769 1008 1840 aristis,
1030 1777 1089 1831 aut
1116 1789 1196 1831 cum
1223 1769 1327 1832 aristis

112 1926 116 1934 ,
211 1861 338 1945 absque
358 1861 526 1924 frumento
545 1863 578 1924 in
599 1861 674 1937 illis,
694 1871 753 1924 aut
772 1863 876 1925 etiarn
895 1882 971 1925 cum
991 1862 1044 1924 his
1062 1863 1193 1945 absque
1212 1863 1327 1927 nucleo

211 1954 245 2016 in
269 1954 447 2029 frumento,
472 1957 577 2019 etsie
601 1976 719 2038 porro;
749 1955 861 2019 cultus
882 1965 998 2019 autem
1021 1960 1327 2038 repraesentativus

212 2050 376 2130 genuinus
395 2060 447 2112 est
471 2052 556 2113 sicut
580 2071 662 2132 ager
684 2051 803 2132 plenus
827 2071 947 2124 messe,
969 2050 1061 2130 cujus
1084 2051 1256 2116 frumenta
1277 2062 1326 2116 tu-

211 2153 306 2206 ment
327 2141 464 2217 nucleis,
485 2164 530 2206 ex
553 2144 672 2227 quibus
690 2145 800 2208 simila
822 2154 858 2207 et
881 2146 977 2226 panis
1000 2146 1033 2207 in
1057 2147 1167 2227 copia.
1213 2146 1327 2211 Cultus

211 2236 443 2300 idololatricus
459 2248 511 2301 est
531 2240 634 2301 etiam
654 2240 740 2301 sicut
759 2259 860 2302 ovum
879 2240 912 2302 in
931 2259 998 2322 quo
1017 2260 1086 2302 non
1106 2251 1160 2303 est
1180 2262 1326 2324 sperma-

211 2333 334 2394 ticum:
359 2341 395 2394 at
414 2332 525 2395 cultus
541 2335 848 2414 repraesentativus
864 2335 1031 2416 genuinus
1049 2344 1103 2398 est
1123 2336 1212 2399 sicut
1231 2357 1326 2399 ovum

211 2426 245 2488 in
264 2446 331 2508 quo
349 2426 546 2508 prolificum,
567 2448 611 2490 ex
630 2448 698 2509 quo
719 2426 839 2509 pullus.
884 2428 934 2492 Ut
957 2429 1066 2491 adhuc
1091 2430 1218 2493 instem
1237 2450 1326 2494 com·

213 2519 391 2602 parandoffl
410 2523 507 2584 binos
526 2523 602 2584 illos
622 2523 750 2585 cultus:
781 2523 891 2586 cultus
911 2523 1144 2587 idololatricus
1167 2536 1222 2589 est
1245 2528 1327 2589 sicut

212 2616 267 2697 qui
298 2637 357 2697 per
386 2617 611 2679 rheubismum
644 2619 788 2699 perdidit
818 2638 953 2680 sensum
984 2618 1097 2680 odoris
1129 2629 1164 2683 et
1195 2641 1326 2689 sensum

212 2712 359 2791 saporis3
392 2711 443 2772 hic
468 2713 547 2773 dum
567 2714 727 2775 admovet
746 2712 891 2794 aliquam
912 2732 1010 2775 uvam
1031 2715 1177 2788 naribus,
1199 2727 1258 2778 aut
1279 2718 1326 2777 in-

212 2804 320 2867 stillat
344 2807 456 2867 vinum
481 2806 625 2886 linguae,
652 2806 731 2869 nihil
755 2817 889 2888 praeter
912 2804 1040 2870 tactum
1064 2829 1180 2872 eorum
1206 2812 1325 2885 sentit;

212 2909 248 2961 at
272 2899 382 2961 cultus
406 2902 712 2981 repraesentativus
735 2903 899 2982 genuinus
924 2912 975 2964 est
1000 2903 1086 2965 sicut
1112 2905 1168 2984 qui
1196 2905 1325 2967 insimul

212 3015 297 3056 uvae
321 2995 459 3056 odorem
479 3005 513 3057 et
537 2996 604 3057 vini
628 3016 782 3077 saporem
806 2997 981 3078 persentit,
1002 3007 1037 3059 et
1060 2998 1107 3060 sic
1133 2998 1251 3063 fruitur
1270 3021 1326 3061 usu

211 3091 381 3171 utriusque
401 3090 433 3151 in
453 3090 630 3152 suavitate.

273 3198 341 3265 52·
372 3182 471 3263 Quod
495 3185 662 3246 secundus
685 3195 795 3248 status
822 3185 917 3264 hujus
940 3185 1119 3248 Ecclesiae
1146 3187 1245 3251 luerit
1273 3189 1325 3251 ln·

211 3275 362 3350 structio,
391 3279 538 3358 sequitur
565 3300 609 3340 ex
637 3280 772 3357 ordine;
806 3300 884 3342 nam
911 3280 991 3341 dum
1018 3281 1091 3361 quis
1118 3293 1262 3346 vocatur
1286 3284 1326 3345 ad

212 3371 412 3444 Ecclesiam,
442 3374 625 3435 instruetur
654 3374 697 3436 de
727 3375 916 3456 praeceptis
943 3374 1115 3454 religionis
1143 3378 1325 3440 secundum

211 3488 296 3548 quae
316 3464 459 3528 vidturus
481 3477 542 3529 est.
589 3467 689 3548 Quod
712 3469 776 3531 hoc
801 3479 877 3550 post
897 3470 1113 3532 vocationem
1138 3469 1263 3534 sactum
1286 3474 1325 3535 sit

211 3581 287 3623 cum
301 3560 374 3622 filiis
388 3562 532 3634 Israelis,
547 3572 642 3643 patet
659 3584 678 3625 e
694 3563 966 3645 promulgatione
979 3562 1083 3643 Legis
1096 3585 1197 3647 super
1209 3566 1325 3629 Monte

211 3654 312 3727 Sinai,
338 3656 369 3717 in
393 3677 458 3737 qua
481 3658 593 3718 omnia
617 3668 799 3738 praecepta
822 3659 945 3720 amoris
968 3668 1003 3720 et
1030 3656 1135 3720 fidei']
1160 3661 1193 3722 in
1218 3660 1324 3724 Deum

211 3759 246 3811 et
266 3752 378 3811 omnia
397 3752 519 3812 amoris
539 3761 573 3813 et
597 3750 769 3814 fidelitatis
788 3773 869 3833 erga
888 3754 1079 3834 proximum
1100 3756 1325 3819 continentur.

211 3843 292 3905 Post
309 3842 562 3907 instruffionem
577 3846 618 3907 de
631 3848 865 3908 communibus
877 3849 967 3909 vitae
980 3857 1014 3909 et
1032 3846 1110 3909 fidei
1126 3852 1323 3931 praeceptis,

211 3939 414 4019 sequebatur
433 3938 606 4019 evulgatio
625 3940 767 4021 plurium
787 3940 899 4021 legum
916 3961 1001 4022 quae
1020 3943 1234 4008 vocabantur
1252 3945 1324 4025 “ju-

210 4033 297 4094 dicia
305 4032 319 4054 ”
333 4042 367 4094 et
386 4034 573 4107 “statuta'’
586 4055 670 4115 quae
687 4045 783 4097 erant
800 4035 842 4097 de
859 4031 1135 4099 Sanctificatione
1153 4036 1323 4109 Sabbathi,

209 4128 253 4189 de
273 4126 300 4188 F
303 4128 384 4188 estis
404 4128 514 4200 statis,
535 4130 578 4190 de
597 4127 784 4203 SacrificiiS,
802 4128 844 4191 de
864 4128 1073 4200 Sacerdoti0,
1092 4131 1135 4193 de
1155 4132 1324 4196 Taberna·

209 4221 296 4295 cula,
311 4223 353 4284 de
367 4220 467 4283 Cultu
480 4219 598 4284 sandto
611 4224 643 4284 in
657 4222 716 4285 illo
729 4234 763 4286 et
777 4244 875 4304 super
887 4222 985 4286 altari
998 4234 1100 4287 extra
1112 4225 1209 4302 illud,
1223 4229 1326 4309 deque

210 4316 469 4378 Comessatione
492 4338 536 4378 ex
560 4315 788 4391 sanctificatis,
813 4318 855 4380 de
882 4317 1072 4380 Ministerio
1096 4319 1271 4385 Aharonis
1294 4332 1325 4384 et

209 4411 369 4474 Filiorum
394 4411 472 4492 ejus,
493 4412 601 4494 deque
624 4413 742 4474 horum
762 4410 911 4486 Amiciu,
932 4414 1041 4495 deque
1061 4412 1325 4480 Consecratione
