2776 5040
148 468 188 532 14
419 464 596 517 CANONES
618 463 749 517 NOVAE
771 463 987 517 ECCLESIAE.

207 651 237 714 4
270 631 372 717 Quod
394 632 454 699 Sol
478 634 593 699 mundi
611 634 794 718 spiritualis
813 636 858 700 sit
876 655 977 719 purus
996 653 1095 699 amor
1117 655 1138 698 a
1157 633 1248 717 Jeho·

355 728 423 794 vah
446 728 532 804 Deo,
556 729 613 813 qui
639 730 673 792 in
700 730 814 794 medio
837 728 908 811 ejus
929 738 1005 808 est;
1034 738 1072 793 et
1096 729 1188 813 quod
1207 728 1249 791 sol

356 823 472 886 mundi
490 822 655 887 naturalis
673 824 717 887 sit
736 843 839 906 purus
857 823 956 905 ignis.

210 930 237 998 5.
269 915 371 999 Quod
388 937 489 981 omne
501 916 592 1000 quod
608 938 653 981 ex
669 915 750 983 Sole
766 918 882 982 mundi
897 915 1081 1000 spiritualis
1094 917 1250 999 procedit.

354 1012 399 1076 sit
417 1012 551 1089 vivum;
579 1021 616 1075 et
637 1011 729 1095 quod
752 1030 854 1076 omne
871 1010 963 1094 quod
986 1031 1031 1075 ex
1051 1010 1127 1076 sole
1145 1011 1252 1074 mundi

354 1105 528 1182 naturalis,
548 1106 593 1169 sit
612 1115 793 1170 mortuum.

206 1199 237 1263 6.
271 1197 373 1282 Quod
400 1199 480 1263 inde
506 1218 610 1263 omne
634 1198 724 1282 quod
751 1220 797 1263 ex
827 1198 907 1265 Sole
933 1199 1051 1265 mundi
1077 1199 1253 1283 spiritualis

353 1293 519 1376 procedit,
539 1294 584 1357 sit
607 1293 802 1375 spirituale3
828 1304 864 1358 et
887 1312 990 1358 omne
1008 1295 1102 1378 quod
1125 1316 1170 1359 ex
1188 1294 1253 1358 sole

298 1409 301 1413 ·
354 1387 470 1451 mundi
486 1386 661 1462 naturalis,
681 1387 725 1451 sit
744 1387 910 1451 naturale.

206 1496 235 1562 7.
267 1478 369 1563 Quod
387 1481 543 1563 Jehovah
564 1480 668 1555 Deus,
685 1501 745 1564 per
761 1478 878 1545 Solem
896 1482 930 1544 in
948 1480 1042 1563 cujus
1061 1483 1177 1546 medio
1194 1493 1252 1556 est,

352 1577 518 1640 creaverit
545 1575 708 1638 mundum
734 1575 966 1658 spiritualem;
998 1585 1035 1640 et
1066 1597 1129 1660 per
1158 1577 1252 1648 hunc.

352 1669 513 1745 mediate,
533 1669 695 1732 mundum
717 1668 918 1733 naturalem.

205 1764 234 1826 8.
266 1761 368 1845 Quod
384 1763 570 1846 spiritualia
583 1765 650 1827 sint
666 1763 916 1839 substantialia,
929 1773 966 1828 et
981 1764 1073 1847 quod
1091 1766 1254 1829 naturalia

351 1859 420 1922 sint
433 1857 622 1922 materialia
634 1878 642 1935 ;
662 1867 698 1922 et
710 1858 803 1941 quod
816 1856 901 1922 haec
914 1860 1116 1924 exstiterint
1128 1870 1165 1924 et
1180 1861 1253 1923 sub·

350 1954 476 2018 sistant
495 1973 540 2016 ex
559 1950 635 2027 illis,
650 1954 738 2016 sicut
754 1953 922 2034 posterius
940 1972 962 2016 a
978 1954 1102 2035 priore,
1121 1974 1180 2017 seu
1195 1975 1253 2018 ex-

351 2047 455 2110 terius
473 2047 517 2109 ab
535 2047 695 2111 interiori.

203 2157 232 2221 9.
264 2138 367 2221 Quod
393 2141 471 2205 inde
498 2142 613 2204 omnia
637 2161 724 2225 quae
754 2141 787 2204 in
818 2141 946 2205 mundo
971 2141 1140 2224 spirituali
1166 2153 1252 2215 sunt,

350 2236 455 2298 etiam
471 2235 505 2298 in
522 2234 649 2298 mundo
664 2234 810 2299 naturali
825 2236 915 2315 sint;
934 2255 974 2299 ac
988 2237 1161 2316 vicissim;
1179 2256 1251 2301 cum

351 2328 544 2393 discrimine
563 2325 787 2412 perfectionis.

185 2437 231 2485 ιο.
264 2420 365 2504 Quod
378 2419 482 2506 [¹¹quia
497 2422 652 2487 naturale
668 2424 773 2486 oritur
785 2443 830 2487 ex
846 2423 1023 2506 spirituali,
1037 2425 1127 2489 sicut
1145 2436 1252 2491 mate·

348 2518 430 2581 riale
452 2539 472 2580 a
496 2517 723 2592 substantiali,
744 2518 851 2580 ubivis
870 2518 969 2581 simul
990 2520 1079 2597 sint;
1107 2531 1143 2583 et
1163 2521 1249 2604 quod

349 2614 396 2675 sic
414 2611 587 2694 spirituale
603 2632 662 2694 per
678 2611 833 2675 naturale
849 2633 926 2675 suas
942 2609 1139 2678 astivitates
1155 2636 1251 2679 exer·

351 2716 439 2782 ceat,
457 2715 493 2770 et
512 2706 702 2769 functiones
718 2702 914 2787 ¹²¹operetur.

185 2817 231 2863 11,
263 2798 365 2882 Quod
394 2802 471 2865 idea
501 2799 682 2864 creationis
712 2811 876 2882 perpetuo
906 2801 1038 2865 existat
1065 2802 1101 2864 in
1128 2804 1252 2866 mundo

348 2894 534 2976 spirituali;
561 2896 719 2976 quoniam
739 2896 854 2957 omnia
872 2914 958 2977 quae
981 2895 1026 2958 ibi
1044 2897 1202 2961 existunt
1220 2908 1252 2960 et

348 2987 444 3063 fiunt,
460 3008 481 3051 a
498 2988 653 3070 Jehovah
673 2988 748 3052 Deo
767 2998 944 3052 momento
963 3001 1134 3054 creantur.

183 3100 229 3147 12.
261 3080 363 3165 Quod
395 3083 520 3146 circum
551 3085 808 3172 unumquemvis
834 3083 996 3165 angelum
1023 3084 1058 3147 in
1086 3085 1186 3149 caelo
1211 3087 1252 3148 sit

348 3177 424 3240 idea
442 3177 657 3240 creationis*

183 3289 230 3353 13.
263 3271 364 3354 Quod
383 3273 471 3335 inter
489 3270 549 3334 illa
570 3292 656 3353 quae
679 3272 794 3335 mundi
818 3272 1001 3354 spiritualis
1025 3283 1117 3348 sunt,
1138 3283 1174 3338 et
1198 3275 1254 3337 illa

347 3386 434 3448 quae
457 3364 572 3427 mundi
596 3366 769 3440 naturalis,
794 3367 838 3429 sit
861 3367 1188 3448 correspondentia;
1219 3380 1253 3432 et

347 3480 406 3542 per
424 3459 772 3542 correspondentiam,
793 3460 965 3543 utriusque
984 3460 1191 3542 conjunctio.

182 3571 228 3632 14.
260 3553 317 3616 Ex
347 3553 400 3616 his
427 3563 524 3636 patet
547 3553 637 3636 quod
664 3555 792 3618 creatio
815 3554 959 3618 universi
982 3575 1003 3618 a
1027 3555 1105 3618 Deo
1128 3577 1197 3620 uno
1220 3568 1255 3622 et

346 3647 488 3722 infinito,
502 3648 573 3711 sine
590 3648 726 3730 praevia
738 3649 936 3729 cognitione
951 3648 994 3713 de
1011 3650 1141 3713 mundo
1156 3654 1255 3733 spiri-

179 3871 195 3905 *
213 3870 391 3930 [annonario
406 3881 425 3918 ι
439 3880 569 3918 uncina
575 3871 698 3930 :-]Quod
707 3871 733 3917 in
743 3872 835 3918 mundo
844 3872 959 3931 spirituali
968 3873 1001 3919 ad
1008 3873 1108 3920 oculum
1118 3875 1195 3922 videri
1203 3889 1258 3935 pos

133 3940 163 3985 sii
173 3939 262 3986 creatio
269 3939 345 3986 :-1bl
356 3939 437 3985 omnia
446 3945 557 3985 creantur
566 3952 582 3984 a
597 3938 712 3993 Domino,
722 3945 749 3984 nt
764 3946 900 3986 momento:
918 3940 1006 3985 domus
1015 3948 1136 3997 creantur,
1146 3943 1259 3989 umnelin

134 4009 221 4053 domus
231 4013 348 4061 creatum,
359 4006 406 4053 cibi
416 4013 533 4061 munim,
544 4013 621 4052 vertes
630 4011 752 4062 acanum
768 4006 827 4065 agri,
837 4006 907 4060 horti.
918 4007 997 4066 campi
1007 4015 1131 4065 cranium
1149 4013 1260 4069 pecudes

134 4082 158 4120 et
167 4082 275 4121 armetur
284 4080 401 4120 ocantur.
434 4073 480 4120 illa
494 4080 518 4120 et
532 4074 659 4119 innumera
672 4073 719 4118 alin
734 4074 986 4120 warmundum
1000 4073 1144 4122 medione-
1159 4085 1185 4124 ιι
1199 4078 1259 4125 inde

133 4143 297 4201 perceptiones
304 4141 452 4201 angelomum,
461 4147 485 4187 et
494 4147 611 4200 apparent
618 4141 707 4186 circum
717 4140 778 4195 illos,
784 4146 809 4185 et
818 4141 949 4199 perdurant
957 4141 1076 4198 quamdiu
1084 4141 1260 4192 tnsshffeetio-

133 4210 204 4255 nibus
221 4210 266 4255 illis
275 4215 337 4262 sunt,
349 4214 373 4253 et
386 4216 539 4255 removemur
553 4214 580 4254 ui
589 4207 693 4267 primum
709 4207 763 4253 lllac
778 4214 877 4254 wenna
909 4207 939 4253 ln
953 4207 1051 4254 internis
1060 4209 1134 4256 etium
1144 4221 1262 4260 ornum:

132 4285 260 4336 serpentes,
271 4285 295 4322 et
304 4276 394 4322 budae
404 4282 428 4322 et
438 4289 494 4322 aver
504 4275 601 4329 noxiae:
609 4287 660 4321 non
668 4275 736 4331 quod
742 4271 900 4319 [dementum
907 4273 1072 4332 nominarer
1081 4281 1152 4336 quod
1161 4288 1260 4327 vum.

133 4352 171 4390 tur
188 4345 253 4390 bona
270 4345 294 4388 in
313 4344 383 4389 mala
424 4344 486 4390 lnde
502 4349 567 4402 patet
582 4343 649 4400 qnod
665 4343 747 4388 omnia
762 4342 788 4387 in
805 4342 898 4387 mundo
914 4338 1050 4390 [ducentur
1064 4357 1080 4391 a
1095 4345 1218 4403 Βοιιιιιιο.
1235 4356 1261 4396 et

132 4410 263 4471 ungantur
272 4425 315 4472 per
324 4411 442 4457 naturalia
451 4424 513 4470 quae
524 4411 681 4457 circumdant.
