2776 5040
193 492 252 544 122
513 493 565 545 DE
587 491 693 547 Nova
715 489 991 545 arenosoim

697 880 790 968 [xu]

555 1124 629 1201 DE
663 1125 942 1201 BAPTlSMO.

187 1467 548 1796 ”BAPTISMUS
573 1521 751 1588 institutus
779 1520 894 1586 estin
920 1520 1056 1604 signum
1083 1517 1176 1604 quod
1203 1518 1309 1585 homo

335 1618 380 1681 sit
396 1618 441 1681 ab
455 1616 611 1693 eeclesia,
629 1626 664 1681 et
682 1616 716 1682 in
733 1614 930 1681 memoriale
945 1615 1036 1699 quod
1051 1615 1307 1697 regenerandus

336 1714 400 1777 sit:
433 1712 562 1777 lavatio
588 1712 678 1775 enim
708 1711 875 1792 Baptismi
904 1730 972 1773 non
1002 1708 1093 1773 aliud
1123 1719 1179 1774 est
1205 1728 1306 1794 quam

334 1807 464 1872 lavatio
482 1804 678 1889 spiritualis,
698 1824 784 1888 quae
806 1813 860 1868 est
879 1803 1104 1887 regeneratio.

246 1914 346 1983 203.
374 1897 496 1962 Omnis
517 1897 735 1980 regeneratio
756 1895 795 1959 fit
816 1916 836 1958 a
859 1894 1010 1959 Domino
1032 1916 1093 1978 per
1113 1914 1196 1958 vera
1217 1893 1306 1971 fidei,

188 2001 226 2058 et
240 2013 301 2076 per
315 1993 423 2056 vitam
439 1991 624 2055 secundum
640 1989 719 2053 illa:
744 1989 822 2053 ideo
837 1988 1035 2070 Baptismus
1050 1996 1201 2051 testatur
1216 1987 1307 2070 quod

156 2088 160 2095 '
187 2085 293 2151 homo
315 2086 360 2150 sit
383 2086 427 2149 ab
449 2084 605 2158 ecelesia,
625 2092 661 2148 et
684 2083 775 2167 quod
797 2082 991 2166 regenerari
1013 2083 1143 2165 possit;
1170 2083 1307 2144 namin

187 2180 333 2247 ecclesia
348 2178 546 2262 agnoscitur
561 2177 728 2241 Dominus
744 2177 800 2260 qui
818 2185 1010 2260 regenerat,
1027 2185 1063 2240 et
1083 2175 1129 2240 ibi
1147 2185 1202 2241 est
1219 2175 1307 2241 Ver-

187 2277 279 2350 bum,
299 2273 355 2338 ubi
373 2292 454 2336 vera
472 2270 560 2347 fidei,
580 2291 640 2354 per
657 2291 744 2354 quae
762 2271 988 2353 regeneratio.

247 2380 349 2450 104.
378 2364 457 2428 Hoc
475 2363 579 2427 docet
599 2363 768 2426 Dominus
785 2362 876 2445 apud
894 2361 1097 2438 Joiannem,

238 2499 253 2522 ⁴⁴
260 2496 389 2611 Nisinqffi
398 2493 630 2622 ἱεεῖςξῒῑϋιίιεέςιῗῐίι
641 2509 676 2544 ex
686 2508 756 2558 aqua
767 2503 794 2544 et
805 2478 974 2557 spiritunon
988 2502 1079 2556 potest
1089 2493 1195 2556 ingredi
1209 2494 1238 2544 lu
1250 2507 1309 2558 reg·

191 2699 307 2776 “aqua
315 2691 332 2718 '’
343 2693 377 2756 in
389 2690 556 2774 spirituali
571 2710 673 2755 sensu
684 2698 738 2755 est
751 2708 868 2754 verum
883 2688 960 2753 fidei
977 2708 1021 2753 ex
1035 2687 1163 2764 Verbo,
1179 2689 1307 2773 “spiri-

189 2787 269 2852 tus'’
291 2797 345 2851 est
367 2787 439 2852 vita
465 2786 652 2850 secundum
677 2784 771 2858 illud,
796 2794 830 2849 et
857 2782 1065 2866 “generari”
1086 2792 1140 2847 est
1166 2805 1215 2850 ex
1241 2783 1307 2848 illis

190 2881 393 2964 regenerari.

247 2991 348 3061 205.
376 2977 465 3058 Quia
487 2977 598 3040 omnis
619 2975 675 3058 qui
700 2982 926 3057 regeneratur
947 2975 1054 3038 etiam
1076 2975 1168 3038 subit
1184 2983 1308 3040 'tenta-

190 3070 312 3145 tiones,
332 3090 419 3153 quae
437 3080 517 3134 sunt
533 3085 668 3151 pugnae
686 3065 879 3149 spirituales
898 3076 1019 3131 contra
1038 3067 1129 3132 mala
1151 3078 1187 3133 et
1210 3068 1307 3143 salsa,

189 3165 267 3229 ideo
285 3185 345 3247 per
363 3184 469 3247 aquas
487 3163 654 3245 Baptismi
672 3162 777 3226 etiam
796 3160 875 3225 illae
893 3161 1138 3244 significantur.

248 3262 351 3327 106.
379 3260 469 3343 Quia
487 3259 686 3341 Baptismus
705 3266 759 3321 est
782 3257 815 3320 in
838 3259 973 3340 signum
992 3269 1027 3324 et
1050 3261 1084 3323 in
1107 3260 1308 3327 memoriale

189 3351 334 3428 illorum,
348 3354 426 3417 ideo
443 3352 547 3416 homo
563 3350 728 3432 baptizari
744 3358 862 3432 potest
878 3351 1008 3430 infans;
1031 3363 1067 3417 et
1083 3352 1111 3416 si
1127 3373 1196 3418 non
1213 3362 1308 3429 tunc,

189 3456 307 3530 potest
326 3446 473 3511 adultus.
1251 3476 1254 3480 ·

249 3552 346 3621 107.
374 3538 493 3601 Sciant
512 3537 628 3620 itaque
644 3537 700 3619 qui
718 3537 886 3619 baptizati
904 3547 996 3612 sunt,
1013 3538 1104 3621 quod
1125 3539 1198 3621 ipse
1217 3538 1310 3622 Bap-

190 3630 310 3694 tismus
327 3649 395 3694 non
409 3630 470 3693 det
482 3629 595 3703 tidem,
609 3648 672 3693 nec
688 3628 835 3694 salutem
848 3651 856 3708 ;
880 3628 941 3693 sed
954 3631 1045 3713 quod
1057 3639 1206 3696 testetur
1216 3632 1310 3717 quod

189 3725 356 3807 recipiant
374 3723 487 3798 fidem,
507 3734 542 3786 et
562 3723 652 3805 quod
671 3722 857 3798 salventur,
877 3724 905 3786 si
925 3733 1179 3806 regenerantur.

249 3815 348 3881 108.
377 3815 462 3878 lnde
473 3823 635 3879 constare
647 3824 766 3897 potest
778 3816 858 3898 quid
874 3815 1081 3898 intelligitur
1094 3835 1156 3898 per
1169 3816 1310 3882 Domini

189 3908 293 3972 verba
309 3908 399 3990 apud
416 3906 584 3982 Marcum,

239 4040 313 4107 “Qui
325 4040 467 4091 crediderit
477 4050 505 4120 et
517 4040 667 4124 baptizatus
679 4039 767 4100 tuerit,
779 4040 942 4101 salvabitur;
960 4040 1081 4105 quivero
1093 4055 1148 4091 non
1161 4043 1312 4104 crediderit,

320 4104 556 4156 condemnabitur'
576 4104 706 4172 (xvr.16);

193 4234 279 4318 “qui
309 4233 520 4309 crediderit,''
543 4243 597 4298 est
626 4234 683 4317 qui
709 4235 867 4317 agnoscit
895 4234 1090 4311 Dominum,
1117 4256 1158 4301 ac
1189 4239 1312 4322 recipit

191 4327 316 4392 Divina
331 4349 412 4392 vera
430 4328 474 4391 ab
490 4327 570 4411 Ipso
589 4349 648 4411 per
664 4328 838 4406 Verbum;
864 4329 949 4411 “qui
967 4329 1162 4412 baptizatus
1180 4330 1313 4411 luerit,'’

192 4430 245 4487 est
265 4422 320 4506 qui
338 4442 397 4507 per
415 4421 474 4486 illa
491 4442 512 4486 a
531 4421 680 4486 Domino
698 4433 927 4505 regeneratur.
