2776 5040
314 511 490 594 ULTIMUM
511 512 690 577 JUDICIUM
712 513 827 565 SUPER
850 514 1086 582 EAM.—N.·34.
1213 517 1253 583 45

133 680 319 755 charitate,
339 691 374 744 et
397 682 475 744 inde
494 702 563 745 non
582 683 615 744 in
634 683 743 758 veris;
768 682 852 745 salsa
871 683 1004 747 illorum
1023 683 1256 765 significantur

134 795 196 857 per
225 780 357 859 “aquas
384 776 609 839 ascendentes
636 797 681 839 ex
708 778 971 858 septentrione,”
997 788 1033 841 et
1060 779 1255 842 devastatio

135 869 315 933 Ecclesiae
328 871 406 933 inde
418 891 478 952 per
492 876 511 902 ‘⁴
520 870 643 934 flumen
656 871 822 935 inundans
835 871 924 954 quod
940 872 1116 935 inundabit
1129 882 1255 935 terram

134 973 171 1026 et
185 964 432 1046 plenitudinem
444 964 513 1046 ejus
524 964 551 1044 ;'’
575 970 595 997 ⁴⁶
604 974 694 1028 terra
702 965 717 990 ”
729 976 782 1028 est
796 965 963 1041 Ecclesia,
977 976 1013 1029 et
1027 973 1046 997 ‘⁴
1055 965 1232 1048 plenitudo
1239 967 1255 997 ”

134 1067 216 1121 sunt
236 1060 349 1121 omnia
367 1058 447 1140 ejus.

187 1206 264 1256 “Dic
283 1207 316 1255 ad
338 1208 516 1257 incrustantes
535 1208 654 1270 ineptum
658 1244 742 1265 .....
755 1208 812 1257 Fiet
832 1209 922 1270 pluvia
945 1209 1088 1267 inundans,
1108 1224 1161 1273 qua
1179 1205 1254 1260 vosl¹¹

267 1272 369 1335 lapides
377 1274 517 1336 grandims
529 1274 626 1322 cadent
634 1273 648 1291 ”
660 1273 761 1335 (Erech.
773 1274 828 1324 xiii.
842 1287 880 1332 11,
894 1274 950 1336 13);

136 1427 366 1489 “incrustatio
381 1427 488 1508 inepti
498 1426 513 1451 ”
525 1436 578 1490 est
595 1426 806 1490 confirmatio
822 1427 906 1503 salsi,
924 1438 959 1492 et
977 1427 1136 1510 “lapides
1151 1449 1253 1511 gran·

134 1521 223 1584 dinis
231 1521 246 1545 ”
263 1531 343 1584 sunt
361 1520 456 1584 falsa.

186 1671 204 1692 ‘¹
213 1667 246 1717 ln
258 1668 433 1717 inundatione
445 1669 664 1731 supergrediente
677 1670 935 1719 consummationem
948 1670 1027 1719 faciet
1045 1671 1132 1719 locum
1144 1670 1212 1733 ejus,
1226 1681 1253 1721 et

266 1734 388 1783 inimicos
402 1731 515 1798 [Ipsius]
529 1744 702 1798 persequetur
714 1735 800 1798 caligo
809 1734 823 1753 ''
835 1736 918 1796 (Nat.
930 1736 947 1786 i.
959 1735 1000 1797 8);

133 1905 194 1966 per
214 1885 522 1949 “inundationem’'
537 1907 623 1968 quae
646 1889 906 1959 consummabit,
931 1887 1139 1969 significatur
1160 1887 1252 1952 salsi·

133 1977 249 2042 ficatio
268 1980 337 2041 veri
348 2000 356 2057 ;
380 1989 415 2043 et
435 2000 494 2062 per
514 1980 752 2062 “caliginem''
771 1982 844 2062 ipsa
859 2002 937 2044 vera
956 1982 990 2044 in
1009 1979 1119 2045 nodie.

185 2134 349 2197 “Dixisnsltl
364 2137 517 2186 Excidimus
535 2137 630 2186 foedus
645 2152 705 2186 cum
719 2147 813 2194 morte,
827 2147 925 2187 etcum
944 2138 1049 2186 inferno
1066 2138 1177 2187 fecimus
1191 2140 1252 2188 visi·

265 2217 362 2261 onem:
389 2203 496 2265 quando
514 2202 647 2265 flagellum
666 2203 848 2252 inundationis
861 2204 1021 2261 transiverit,
1037 2218 1091 2252 non
1109 2205 1199 2253 veniet
1216 2204 1251 2253 ad

265 2283 342 2395 {ffi-
359 2268 686 2395 &iilililsslmendmum
708 2268 838 2327 fiduciam,
857 2279 885 2317 et
905 2269 932 2316 in
950 2268 1067 2318 falsitate
1085 2269 1227 2319 latebimus
1237 2269 1251 2289 ''

343 2371 349 2383 ·
445 2370 451 2383 ·
515 2371 521 2393 r

134 2481 366 2545 “inundatio''
384 2481 438 2545 hic
463 2482 640 2545 manifeste
663 2503 724 2564 pro
746 2484 885 2546 interitu
901 2503 961 2564 per
982 2481 1077 2556 salsa,
1097 2503 1176 2546 nam
1200 2484 1250 2546 di-

131 2578 220 2641 citur
239 2577 328 2659 quod
344 2578 377 2639 in
399 2577 606 2639 “mendacio
614 2577 629 2601 '⁹
648 2578 820 2659 posuerint
837 2576 1004 2652 fiduciam,
1022 2587 1057 2640 et
1077 2578 1110 2639 in
1131 2576 1251 2640 “falsi-

131 2670 231 2735 tate’'
250 2669 408 2734 laterent.

184 2817 279 2867 “Post
296 2818 461 2880 septimanas
474 2819 614 2879 sexaginta
625 2818 692 2867 duas
705 2818 840 2867 excidetur
853 2817 976 2876 Messias,
990 2819 1038 2867 sed
1051 2834 1104 2867 non
1115 2819 1185 2873 Sibi:
1207 2820 1251 2868 de·

265 2883 326 2931 inde
343 2885 434 2931 urbem
452 2894 480 2932 et
496 2881 677 2932 sandluarium
696 2884 788 2946 perdet
806 2884 919 2946 populus
939 2883 1068 2946 Principis
1086 2885 1200 2942 venturi,
1215 2885 1250 2933 ita

265 2957 294 3062 pp
311 2948 371 3074 {sz
386 2949 444 3011 ejus
456 2963 516 2998 cum
535 2949 718 3008 inundatione,
731 2964 815 3011 usque
832 2949 883 2999 ad.
896 2986 902 2999 .
914 2985 921 2999 .
933 2985 940 2999 .
951 2949 1132 2998 desolationes
1140 2948 1153 2968 '¹
1165 2949 1248 3011 (Dan.

293 3051 299 3063 ·
363 3051 369 3071 r

131 3157 218 3222 haec
239 3158 281 3221 de
301 3157 457 3221 Ecclesia
472 3168 616 3221 ventura
635 3157 838 3233 Christiana,
858 3159 891 3220 in
911 3179 976 3240 qua
994 3159 1159 3241 periturus
1178 3159 1249 3221 cul·

132 3262 188 3315 tus
205 3252 352 3326 Domini,
368 3253 457 3334 quod
473 3252 675 3334 intelligitur
690 3272 750 3333 per
765 3253 855 3335 quod
873 3253 1079 3316 “excidetur
1095 3252 1248 3328 Messias,

132 3346 193 3409 sed
214 3365 282 3408 non
302 3345 370 3409 Sibi
383 3347 408 3424 ;”
430 3347 520 3429 quod
540 3349 687 3429 peritura
706 3348 750 3410 sit
769 3368 827 3429 per
845 3345 1105 3421 falsificationes,
1123 3347 1249 3410 intelli·

131 3449 261 3520 guntur
275 3460 335 3521 per
350 3440 440 3522 quod
457 3440 531 3503 finis
547 3440 616 3521 ejus
631 3440 760 3503 futurus
776 3441 819 3504 sit
838 3446 942 3503 “cum
959 3441 1178 3503 inundatione
1195 3462 1249 3503 us-

132 3554 199 3617 que
228 3533 272 3595 ad
309 3533 540 3597 desolationes
552 3534 578 3611 ;”
613 3529 835 3598 “desolatio''
865 3544 918 3597 est
955 3533 1144 3597 falsificatio
1181 3534 1248 3598 illa.

133 3628 219 3691 Inde
235 3637 288 3690 est
307 3627 397 3709 quod
416 3638 596 3710 postquam
613 3628 779 3691 Dominus
796 3629 929 3691 locutus
946 3637 999 3690 est
1017 3628 1059 3691 de
1075 3627 1247 3691 “Abomi-

132 3723 273 3784 natione
300 3720 533 3784 Desolationis
560 3719 752 3803 praedictae
779 3743 798 3785 a
830 3721 971 3785 Daniele
1002 3721 1191 3804 propheta”
1213 3731 1248 3785 ct

132 3815 175 3878 de
196 3814 527 3879 “Consummatione
544 3814 699 3878 Saeculi'’
718 3836 777 3898 per
796 3815 899 3890 illam,
920 3816 1008 3879 dixit
1027 3816 1117 3898 quod

181 3969 323 4018 Adventus
340 3983 405 4017 suus
422 3968 526 4019 iuturus
543 3969 578 4018 sit
595 3970 664 4019 sicut
674 3969 768 4018 diebus
785 3970 849 4019 dum
861 3971 935 4019 venit
952 3970 1082 4019 diluvium
1099 3980 1126 4019 et
1143 3970 1249 4021 sustulit

263 4049 358 4082 omnes
369 4034 477 4096 (March.
489 4035 561 4083 xxiv.
575 4045 613 4094 ις,
625 4034 675 4097 39).

132 4154 235 4238 Quod
254 4177 314 4238 per

182 4291 399 4341 Submersionem
415 4292 562 4343 Pharaonis
573 4301 601 4343 et
612 4292 808 4356 Aegyptiorum
820 4293 848 4341 in
862 4291 932 4342 Muri
944 4293 1017 4355 Suph
1029 4291 1122 4354 (Exod.
1134 4291 1209 4354 xia),

132 4433 288 4497 interitus
312 4455 372 4516 per
397 4433 481 4497 salsa
507 4435 540 4497 in
563 4456 664 4499 sensu
687 4434 852 4518 spirituali
874 4434 1095 4516 intelligatur,
1119 4435 1153 4497 in
1175 4435 1246 4498 Ar·
