2858 5046
315 511 364 564 ET
386 512 470 581 EJUS
492 511 691 567 DOCTRINA
712 514 984 569 CAELESTI.-N.
1005 515 1077 586 235.
1195 516 1254 585 133

627 985 765 1073 [xv111.]

363 1240 437 1316 DE
470 1241 647 1318 CAELO
684 1242 750 1316 ET
786 1241 1035 1319 INFERNO.

137 1602 351 1931 ⁴³³SUNT
367 1659 435 1724 duo
446 1679 533 1744 quae
545 1659 672 1725 faciunt
684 1661 791 1725 vitam
804 1659 941 1743 spiritus
956 1660 1257 1736 hominis-amor

278 1760 314 1816 et
330 1751 414 1817 fides
429 1775 437 1832 ;
460 1773 557 1817 amor
571 1755 678 1818 vitam
694 1754 883 1819 voluntatis
899 1754 981 1837 ejus,
998 1765 1033 1820 et
1050 1754 1133 1820 fides
1147 1756 1255 1819 vitam

278 1845 473 1911 intelledius
489 1847 569 1930 ejus.
614 1848 726 1913 Amor
740 1849 820 1912 boni
839 1859 875 1913 et
894 1849 973 1913 inde
989 1848 1073 1913 fides
1088 1850 1158 1914 veri
1177 1849 1257 1913 faci·

277 1952 339 2005 unt
362 1942 469 2005 vitam
492 1941 600 2020 caeli;
627 1962 668 2007 ac
691 1962 787 2006 amor
810 1942 890 2006 mali
913 1952 948 2007 et
973 1944 1051 2007 inde
1075 1942 1158 2007 fides
1181 1943 1256 2008 salsi

138 2035 263 2099 faciunt
282 2037 389 2099 vitam
409 2036 537 2101 inferni.

196 2145 289 2214 231.
316 2131 429 2195 Amor
444 2133 477 2195 in
495 2131 682 2195 Dominum
698 2142 734 2196 et
752 2150 848 2195 amor
863 2152 947 2213 erga
963 2134 1158 2215 proximum
1173 2133 1256 2198 saci·

139 2231 200 2287 unt
223 2222 367 2298 caelum,
392 2232 427 2287 et
454 2243 590 2306 quoque
614 2223 709 2298 fides,
733 2224 793 2286 sed
819 2223 903 2286 haec
927 2235 1092 2306 quantum
1117 2246 1163 2288 ex
1189 2225 1256 2289 illis

138 2317 309 2381 amoribus
327 2318 434 2380 vitam
453 2317 579 2395 habet;
607 2325 644 2381 et
667 2317 745 2400 quia
764 2326 905 2400 uterque
925 2317 982 2382 ille
1001 2337 1097 2382 amor
1118 2327 1154 2383 et
1177 2318 1256 2383 inde

138 2409 221 2474 fides
250 2421 330 2475 sunt
357 2431 377 2474 a
407 2410 568 2486 Domino,
599 2411 677 2475 inde
707 2420 805 2493 patet
835 2412 927 2494 quod
958 2411 1124 2476 Dominus
1154 2412 1256 2478 iaciat

139 2504 281 2569 caelum.

197 2615 291 2682 ψ.
319 2598 463 2665 Caelum
479 2611 533 2665 est
549 2601 639 2683 apud
655 2601 917 2683 unumquemvis
932 2602 1119 2665 secundum
1136 2621 1257 2685 recep·

138 2693 268 2757 tionem
284 2695 409 2757 amoris
424 2703 460 2757 et
477 2693 554 2757 fidei
570 2714 590 2757 a
607 2692 776 2772 Domino;
799 2703 835 2757 et
851 2695 907 2775 qui
924 2693 1056 2757 caelum
1071 2714 1092 2757 a
1108 2693 1257 2757 Domino

139 2787 305 2871 recipiunt
328 2787 409 2851 du1n
432 2789 551 2851 vivunt
576 2787 610 2850 in
638 2787 777 2863 mundo,
801 2788 834 2849 in
858 2785 990 2851 caelum
1014 2788 1154 2851 veniunt
1177 2797 1257 2869 post

140 2891 296 2945 mortem.

198 2991 294 3060 233.
322 2976 390 3059 Qui
417 2976 551 3040 caelum
581 2997 602 3040 a
630 2975 782 3040 Domino
810 2977 989 3058 recipiunt,
1016 2975 1064 3040 illi
1094 2985 1175 3041 sunt
1200 2976 1257 3060 qui

140 3068 271 3132 caelum
298 3069 332 3133 in
359 3090 396 3132 se
423 3069 564 3144 habent,
589 3087 668 3132 nam
692 3067 823 3132 caelum
847 3062 958 3132 estin
981 3068 1139 3148 homine;
1165 3068 1257 3152 quod

140 3163 244 3226 etiam
263 3160 430 3227 Dominus
449 3161 564 3239 docet,

78 3344 81 3348 ,
189 3295 272 3346 “Non
281 3297 379 3355 dicent,
389 3296 513 3358 Regnum
527 3295 577 3346 Dei
589 3311 650 3346 ecce
661 3296 704 3346 hic
716 3305 765 3356 est,
775 3305 822 3346 eut
830 3310 891 3346 eece
904 3296 973 3357 iilic;
990 3311 1051 3347 ecce
1060 3298 1133 3347 enim
1145 3311 1258 3361 mgnum

271 3360 321 3411 Dei
335 3362 363 3412 in
375 3362 453 3411 vobis
464 3371 507 3412 est
515 3361 530 3382 ”
542 3362 615 3424 (Luc.
626 3362 689 3412 xvii.
702 3362 751 3425 αι).

197 3515 295 3585 ²34.
324 3498 467 3565 Caelum
482 3502 573 3583 apud
589 3500 765 3564 hominem
780 3509 834 3564 est
850 3500 884 3563 in
900 3499 1038 3564 interno
1053 3499 1136 3582 ejus,
1152 3500 1202 3564 ita
1223 3500 1258 3564 in

139 3593 229 3658 velle
252 3604 288 3658 et
315 3595 469 3676 cogitare
492 3615 538 3658 ex
564 3612 681 3657 amore
708 3603 744 3657 et
771 3591 848 3667 fide,
872 3602 908 3657 et
935 3593 1014 3657 inde
1040 3594 1074 3656 in
1100 3602 1257 3668 externo,

139 3688 230 3771 quod
249 3697 303 3753 est
322 3709 368 3753 ex
388 3707 504 3752 amore
523 3697 558 3752 et
577 3686 643 3751 fide
662 3687 773 3751 facere
790 3696 826 3751 et
845 3686 958 3769 loqui:
983 3705 1051 3750 non
1071 3696 1185 3751 autem
1205 3695 1258 3751 est

139 3784 172 3845 in
191 3794 339 3847 externo
354 3782 482 3864 absque
498 3783 633 3846 interno
647 3802 655 3859 ;
680 3799 758 3843 nam
774 3779 885 3844 facere
900 3780 988 3844 bene
1007 3790 1042 3844 et
1062 3781 1152 3862 loqui
1171 3780 1259 3844 bene

138 3889 282 3960 possunt
304 3897 425 3941 omnes
448 3876 660 3959 hypocritae,
680 3885 717 3939 at
742 3895 810 3939 non
829 3874 918 3938 velle
937 3875 1025 3939 bene
1047 3884 1083 3938 et
1106 3875 1259 3956 cogitare

139 3973 236 4037 bene.

197 4083 294 4153 235.
323 4066 409 4133 Cum
427 4068 532 4132 homo
550 4068 584 4130 in
603 4065 750 4130 alteram
766 4067 873 4128 vitam
889 4064 997 4139 venit,
1014 4064 1105 4147 quod
1129 4063 1167 4128 fit
1185 4073 1258 4128 sta·

139 4162 201 4226 iim
220 4171 299 4244 post
316 4171 475 4233 mortem,
489 4168 587 4240 patet
607 4178 687 4222 num
707 4159 740 4221 in
760 4177 802 4220 eo
817 4156 950 4221 caelum
970 4157 1035 4233 sit;
1059 4175 1128 4219 non
1143 4166 1258 4220 autem

138 4276 214 4321 cum
238 4257 272 4319 in
295 4256 424 4318 mundo
442 4255 548 4317 vivit:
578 4253 610 4315 in
634 4253 762 4315 mundo
784 4252 874 4315 enim
898 4259 1041 4333 apparet
1064 4259 1257 4326 externum,

138 4362 172 4416 et
190 4370 259 4413 non
275 4350 456 4423 internum,
470 4358 507 4411 at
523 4348 556 4410 in
573 4346 682 4410 altera
697 4348 769 4410 vita
784 4354 881 4429 patet
898 4346 1080 4421 internum,
1097 4343 1257 4426 quoniam

28 4463 31 4470 ·
138 4445 243 4509 homo
261 4455 345 4509 tunc
363 4443 476 4526 quoad
496 4442 650 4525 spiritum
668 4441 765 4504 vivit.
