2776 5040
144 431 181 494 18
612 441 784 495 CORONIS.

140 623 176 677 et
199 633 258 695 per
277 611 353 675 illas
373 613 405 675 in
425 632 525 675 sensu
544 612 707 694 spirituali
730 611 965 694 significentur
983 611 1191 689 affefflones,
1206 612 1241 676 in·

139 706 353 782 clinationes,
365 707 601 789 perceptiones
613 717 648 770 et
660 708 899 789 cogitationes.
936 706 997 770 Ex
1010 707 1067 771 his
1080 717 1176 791 patet
1184 706 1244 791 quid

141 799 343 883 intelligitur
361 821 420 883 per
440 806 640 864 “creaturas
647 801 663 826 ”
681 803 714 864 in
734 802 956 884 sequentibus
974 802 1030 866 his
1051 802 1156 867 locis:

188 943 267 1009 jesus
276 944 412 1008 praecepit
420 944 556 1007 discipulis
566 953 595 993 ut
607 945 676 994 irent
688 946 715 993 ln
727 945 882 994 universum
893 947 1027 995 mundum
1038 957 1069 996 et
1081 948 1248 1010 praedicarent

271 1009 445 1071 Evangellum
460 1010 559 1059 “omni
571 1020 707 1059 creaturae
716 1009 730 1030 '⁸
741 1010 836 1071 (Mart,
848 1011 901 1060 xvi.
913 1011 973 1072 15);

190 1074 242 1124 usi
260 1075 319 1139 quis
333 1075 360 1152 in
374 1074 481 1160 Christ'o
492 1085 534 1124 est
551 1090 622 1125 nova
634 1085 762 1166 creatura,
776 1085 866 1124 vetera
882 1077 1062 1137 transierunt,
1074 1087 1104 1128 et
1120 1075 1190 1128 incia
1200 1086 1249 1127 suut

190 1207 208 1228 ‘⁸
217 1139 502 1264 Hagcndiditlillorxiueii,
514 1139 603 1255 abtin
615 1140 699 1255 iiiia
711 1214 838 1266 etvetus,
851 1205 1019 1270 Principium
1027 1207 1178 1259 Creaturae
1190 1206 1249 1258 uu·

268 1269 353 1335 (Aput.
365 1270 402 1320 iii.
421 1269 469 1332 14).

139 1494 255 1569 creari,
273 1493 338 1558 hoc
358 1504 422 1570 est,
440 1496 642 1577 regenerari,
660 1504 695 1558 et
714 1496 761 1558 sic
780 1494 849 1558 lieri
868 1496 911 1559 ab
931 1496 1094 1561 Ecclesia
1115 1499 1249 1563 Domini

200 1602 243 1669 4.
274 1585 375 1670 Quod
395 1598 539 1672 quatuor
557 1587 735 1652 Ecclesiae
758 1590 791 1652 in
811 1589 874 1653 hac
894 1590 1020 1655 tellure
1038 1592 1175 1669 fuerint,
1194 1613 1250 1656 una

138 1690 219 1746 ante
242 1682 401 1746 diluvium
425 1704 510 1766 quae
525 1683 680 1746 vocanda
699 1693 752 1747 est
771 1683 950 1760 Adamica,
970 1684 1085 1750 altera
1108 1697 1187 1770 post
1207 1688 1249 1750 di·

138 1775 263 1839 luvium
286 1798 372 1859 quae
393 1778 549 1840 vocanda
575 1787 628 1840 est
656 1776 842 1853 Noachica‚
867 1788 902 1842 et
929 1781 1035 1842 tertia
1062 1783 1248 1862 posthanc

138 1891 224 1951 quae
246 1871 306 1934 luit
330 1870 527 1946 Israelitica,
547 1881 582 1934 et
605 1881 725 1953 quarta
743 1891 829 1953 quae
851 1872 953 1935 hodie
976 1883 1031 1937 est
1055 1885 1092 1939 et
1118 1888 1250 1940 vocatur

138 1962 340 2039 Christiana,
360 1964 649 2028 demonstrabitur
666 1965 700 2028 in
716 1967 933 2048 sequentibus
955 1967 989 2030 in
1009 1988 1072 2031 sua
1090 1972 1249 2053 expositi·

138 2078 204 2122 one
222 2058 265 2122 de
284 2060 468 2142 unaquavis
486 2058 693 2141 singulatim.

199 2227 242 2295 5.
272 2209 326 2282 (ii.)
350 2209 436 2279 duod
454 2208 611 2292 cujusvir¹¹¹
626 2209 786 2273 Ecclesiae
807 2216 939 2293 quarm
957 2217 1064 2277 amiur
1087 2216 1253 2281 ausuram

137 2321 195 2365 esu
215 2299 335 2383 perlodi
359 2299 483 2372 luerint,
508 2318 588 2381 quoa
614 2299 646 2361 r'n
671 2299 765 2362 tarto
787 2300 997 2384 intelliguntur
1018 2323 1082 2384 por
1104 2306 1249 2380 ‘leuel'

138 2393 285 2466 'dicul'
306 2391 532 2473 'Vaspomm,''
556 2396 590 2454 at
609 2390 936 2474 'locmm.''—Quod
964 2405 1114 2476 quatuor
1146 2408 1249 2463 status

138 2487 317 2551 successivi
344 2507 403 2549 seu
429 2485 556 2567 periodi
579 2484 722 2566 cujusvis
749 2485 925 2550 Ecclesiae
948 2508 994 2550 ex
1021 2499 1170 2571 quatuor
1191 2493 1248 2555 illis

138 2581 421 2662 supranominatis
447 2579 578 2653 luerint,
603 2581 636 2641 in
663 2581 891 2660 sequentibus,
914 2582 949 2643 in
972 2584 1094 2664 quibus
1115 2586 1161 2648 de
1187 2586 1247 2648 sin-

137 2674 224 2754 gulis
240 2674 273 2735 in
290 2694 350 2735 suo
366 2673 483 2735 ordine
499 2673 715 2753 transigetur,
732 2673 961 2737 illustrabitur.
1008 2676 1248 2741 Describuntur

137 2788 196 2848 per
211 2767 287 2830 illas
303 2767 465 2848 temporis
481 2767 738 2840 vicissitudines,
756 2769 832 2848 quia
851 2770 960 2831 omnis
978 2768 1086 2834 homo
1102 2773 1158 2854 qui
1176 2792 1247 2834 nas·

137 2863 223 2925 citur
248 2862 282 2923 in
309 2859 475 2934 Ecclesia,
500 2870 558 2923 aut
585 2861 617 2922 in
645 2881 711 2941 quo
737 2863 889 2925 exoritur
915 2861 1085 2940 Ecclesia,
1111 2867 1247 2947 primum

137 2957 230 3018 venit
257 2956 290 3018 in
318 2955 427 3017 lucem
454 2954 523 3035 ejus
547 2954 653 3036 qualis
680 2955 738 3017 illa
764 2965 817 3018 est
844 2956 876 3017 in
900 2956 1048 3020 diluculo
1074 2970 1110 3022 et
1134 2979 1247 3036 rnane;

137 3058 258 3132 postea
285 3049 497 3130 progreditur
520 3050 553 3110 in
580 3049 669 3111 diem
696 3049 775 3130 ejus,
800 3058 835 3112 et
862 3051 917 3130 qui
943 3060 1037 3113 amat
1064 3073 1147 3116 vera
1172 3053 1246 3134 ejus,

137 3163 240 3224 usque
259 3143 301 3205 ad
322 3143 514 3219 meridiem
546 3143 572 3204 si
591 3152 671 3205 tunc
692 3144 724 3204 in
743 3144 797 3205 via
815 3143 978 3218 subsistit,
999 3154 1036 3206 et
1055 3164 1126 3208 non
1149 3148 1247 3210 intrat

136 3237 169 3299 in
183 3235 330 3299 calorem
343 3236 429 3298 veris
446 3245 480 3298 et
496 3237 648 3309 aestatis,
662 3237 867 3317 vesperascit
879 3234 949 3316 ejus
962 3236 1045 3311 dies,
1060 3248 1096 3302 et
1113 3241 1245 3304 tandem

136 3330 222 3393 sicut
246 3329 305 3392 lux
329 3331 361 3392 in
381 3339 535 3411 ternpore
554 3328 662 3392 nodtis
681 3331 943 3405 obtenebrescit,
963 3340 999 3393 et
1023 3330 1061 3394 fit
1082 3343 1164 3398 tunc
1183 3335 1246 3416 ejus

136 3423 363 3505 intelligentia
379 3425 412 3485 in
429 3423 654 3505 spiritualibus
670 3423 845 3487 Ecclesiae
864 3424 923 3486 lux
939 3423 1071 3506 frigida,
1089 3431 1177 3492 sicut
1193 3429 1245 3492 lux

136 3518 263 3580 dierum
281 3527 434 3599 ternpore
451 3518 580 3591 hiemis
595 3520 730 3600 quando
745 3520 879 3600 quidem
892 3518 985 3582 videt
1001 3520 1142 3586 arbores
1158 3533 1244 3587 stan·

136 3619 188 3673 tes
208 3610 307 3692 juxta
329 3613 467 3674 domum
494 3610 573 3692 ejus,
598 3622 655 3675 aut
683 3613 714 3675 in
742 3612 848 3675 hortis
870 3612 951 3694 ejus,
976 3614 1036 3676 sed
1060 3616 1245 3680 denudatas

135 3704 221 3767 loliis
244 3714 279 3767 et
302 3705 439 3768 orbatas
462 3703 630 3781 frudtibus,
654 3707 702 3769 ita
724 3708 809 3769 sicut
833 3708 940 3769 nudos
962 3709 1117 3790 stipites:
1150 3711 1244 3774 homo

135 3799 224 3860 enim
241 3796 414 3860 Ecclesiae
427 3799 639 3880 progreditur
654 3820 673 3862 a
690 3820 788 3862 mane
803 3800 836 3861 in
849 3801 948 3873 diem,
962 3812 1102 3882 propter
1114 3821 1243 3866 causam

135 3901 172 3954 ut
188 3911 247 3973 per
262 3892 400 3954 rationis
416 3891 524 3954 lucem
541 3893 738 3956 reformetur
753 3903 788 3956 et
804 3903 1030 3974 regeneretur,
1045 3898 1137 3977 quod
1154 3899 1243 3960 unice

134 3983 171 4047 fit
188 4005 247 4067 per
262 3986 366 4048 vitam
382 3987 564 4049 secundum
581 3997 762 4069 praecepta
777 3987 913 4049 Domini
929 3988 961 4049 in
978 3987 1117 4068 Verbo,
1141 3993 1169 4054 si
1183 3992 1242 4054 hoc

135 4098 202 4142 non
229 4077 278 4153 fit,
302 4077 361 4140 lux
385 4078 453 4159 ejus
479 4078 562 4143 fiunt
586 4081 756 4154 tenebrae,
780 4091 815 4144 et
842 4081 1002 4144 tenebrae
1025 4082 1157 4165 caligo;
1184 4086 1242 4148 hoc

134 4182 197 4246 est,
210 4192 289 4235 vera
305 4171 387 4236 lucis
402 4175 489 4255 apud
505 4173 597 4237 illurn
614 4184 789 4237 vertuntur
803 4176 837 4236 in
853 4174 945 4249 salsa,
959 4185 994 4239 et
1010 4176 1095 4240 salsa
1110 4181 1143 4241 in
1160 4180 1242 4242 mala

133 4266 358 4349 inconspicua.
403 4266 515 4330 Aliter
533 4268 635 4332 homo
650 4268 705 4351 qui
724 4289 760 4331 se
779 4270 904 4350 patitur
918 4274 1130 4351 regenerari;
1154 4273 1241 4336 illurn

134 4379 202 4423 non
224 4361 416 4443 supervenit
436 4381 517 4436 nox,
535 4362 687 4426 ambulat
706 4364 794 4425 enirn
813 4363 846 4425 in
870 4363 955 4439 Deo,
975 4374 1010 4427 et
1029 4366 1108 4430 inde
1122 4366 1241 4449 jugiter
