2776 5040
547 114 861 169 -uacnnnmsrn
1231 116 1271 187 rp

382 283 409 338 t.
434 282 507 341 onor
521 284 608 339 venua
624 284 765 338 numanum
781 284 808 337 in
824 283 952 339 tutissimo
968 299 1049 339 aanor
1065 285 1103 339 cit
1118 285 1269 354 proximus:

481 351 532 404 aad
555 349 597 404 reia
607 350 964 418 distinetrmostr'nimpenir,
975 351 1268 420 repnaotmpublicna,

482 415 529 484 qm*
554 415 617 469 riter
624 421 666 469 ost
679 415 813 483 proximus
824 418 965 470 secundum
983 418 1074 471 tonum
1085 417 1225 496 calepiam,
1236 433 1270 471 ue

480 483 622 536 coeundum
633 483 725 541 bouum
736 483 806 550 quor!
812 488 935 549 praestat
942 483 1046 552 patriae
1057 488 1086 537 ot
1094 484 1151 538 aibr.

132 689 169 744 1.
197 690 271 749 orror!
281 690 457 760 carmulaque
468 691 546 744 Homo
557 691 594 745 sit
601 690 734 758 proximus
746 649 886 746 auridum
898 694 973 760 quale
985 693 1042 760 ejvs
1054 692 1118 745 honr.

213 816 300 882 Cum
316 817 441 881 bonum
456 818 489 879 in
505 817 581 881 idea
595 816 756 898 spirituali
772 826 825 881 est
848 817 1030 898 proximus,
1047 826 1082 880 et
1098 817 1201 880 homo
1216 826 1268 880 est

131 908 337 993 subjectum
353 910 442 984 boni,
459 919 494 974 et
517 930 648 993 quoque
671 908 838 991 objectum
861 909 930 992 ejus
953 912 1008 993 qui
1029 909 1108 975 iacit
1130 910 1267 984 bonum,
1309 917 1318 936 '

132 1005 299 1088 sequitur
314 1004 403 1088 quod
419 1004 522 1068 homo
530 1004 569 1067 in
586 1003 729 1067 naturali
744 1004 819 1067 idea
833 1005 877 1067 sit
893 1006 1076 1085 proximus.

212 1098 292 1162 Non
309 1108 362 1162 est
385 1118 469 1161 nnus
484 1097 591 1178 magis
607 1098 781 1178 proximus
796 1117 896 1180 quam
920 1097 1016 1172 alter,
1033 1097 1144 1180 quoad
1160 1097 1267 1161 solam

137 1211 340 1273 personam,
357 1191 416 1255 sed
432 1190 544 1273 quoad
566 1191 692 1253 bonum
715 1211 760 1254 ex
776 1210 842 1273 quo
864 1190 967 1253 homo
990 1202 1042 1255 est
1065 1192 1168 1255 homo
1190 1190 1268 1255 talis

139 1295 207 1350 aut
230 1285 329 1362 talis;
353 1286 510 1367 quoniam
525 1293 579 1348 tot
602 1283 809 1347 differentiae
825 1285 970 1364 proximi
985 1294 1074 1360 sunt,
1091 1295 1174 1368 quot
1188 1296 1267 1351 sunt

143 1378 359 1458 differentiae
374 1378 473 1456 boni;
497 1387 533 1441 et
549 1377 756 1441 differentiae
772 1378 851 1441 boni
866 1389 944 1441 sunt
960 1376 1118 1442 infinitae.
1164 1437 1167 1443 .

212 1470 369 1536 Creditur
395 1471 485 1554 quod
511 1470 623 1547 irater,
654 1472 857 1554 propinquus
887 1481 922 1536 et
952 1469 1059 1535 affinis
1085 1472 1130 1536 sit
1160 1475 1267 1555 magis

147 1566 323 1647 proximus
340 1583 439 1646 quam
455 1564 603 1642 alienus;
626 1575 661 1630 et
678 1565 767 1647 quod
786 1566 841 1647 qui
858 1575 1023 1628 natusest
1040 1566 1072 1628 in
1089 1567 1208 1647 patria,
1223 1568 1267 1630 sit

147 1661 257 1743 magis
270 1659 444 1741 proximus
456 1678 556 1742 quam
568 1660 623 1742 qui
636 1670 734 1723 natus
746 1668 799 1723 est
811 1669 910 1722 extra
923 1659 1064 1740 patriam
1077 1680 1085 1737 ;
1105 1660 1164 1722 sed
1177 1661 1266 1742 quis·

148 1774 212 1837 qne
228 1763 281 1818 est
298 1753 471 1835 proximus
491 1752 675 1816 secundum
697 1772 793 1817 suum
808 1752 944 1831 bonum,
959 1753 1029 1816 sive
1051 1753 1096 1818 sit
1119 1752 1267 1818 Graecus

150 1849 219 1912 sive
236 1847 391 1912 Gentilis.

211 1942 389 2005 Proximus
404 1941 493 2006 enim
506 1940 643 2023 quisque
659 1950 712 2005 est
727 1939 911 2005 secundum
924 1939 1123 2005 affinitatem
1139 1950 1175 2005 et
1191 1961 1267 2022 pro·

150 2035 372 2118 pinquitatem
399 2033 625 2115 spiritualem;
659 2033 723 2097 hoc
750 2034 855 2097 videri
881 2042 996 2115 potest
1022 2054 1066 2096 ex
1096 2042 1149 2108 e‘o,
1176 2035 1266 2116 quod

149 2129 257 2192 omnis
279 2128 382 2191 homo
405 2136 483 2208 post
506 2137 649 2190 mortem
672 2127 786 2192 veniat
815 2127 902 2191 inter
931 2147 1019 2204 suos,
1042 2147 1118 2191 cum
1148 2129 1266 2211 quibus

149 2221 330 2286 consimilis
345 2231 397 2285 est
413 2220 523 2303 quoad
539 2221 674 2298 bonum,
686 2241 744 2284 sen
760 2221 849 2303 quod
865 2221 953 2284 idem
969 2221 1153 2285 secundum
1165 2221 1265 2287 affec·

147 2315 278 2391 tiones;
298 2316 404 2378 etiam
420 2313 601 2377 affinitates
617 2313 786 2377 naturales
802 2325 879 2395 post
896 2325 1040 2378 mortem
1062 2326 1213 2396 pereunt,
1230 2327 1265 2380 et

147 2408 332 2472 succedunt
348 2406 529 2471 affinitates
545 2407 753 2488 spirituales;
777 2409 852 2489 quia
875 2408 906 2471 in
924 2428 989 2471 una
1008 2409 1173 2473 societate
1189 2428 1266 2474 coe·

147 2501 225 2566 lesti
240 2503 418 2584 cognoscit
434 2521 516 2564 unus
533 2500 686 2575 alterum,
703 2511 738 2566 et
761 2503 997 2565 consociantur
1013 2503 1090 2585 quia
1111 2503 1144 2565 in
1167 2502 1265 2567 simili

146 2576 238 2660 boio
253 2606 342 2659 sunt.
389 2595 516 2658 Decem
532 2594 651 2658 fratres
667 2594 699 2657 in
721 2594 856 2668 mundo,
874 2596 1017 2677 quinque
1034 2606 1175 2677 possunt
1190 2617 1264 2661 esse

146 2690 180 2752 in
203 2688 343 2763 inferno,
367 2699 402 2753 et
425 2689 569 2771 quinque
592 2689 625 2751 in
649 2687 757 2763 coelo,
780 2698 815 2753 et
838 2689 1046 2771 hi‘quinque
1069 2679 1102 2753 in
1125 2690 1265 2755 diversis

146 2783 385 2860 societatibus3
408 2782 464 2865 qui
480 2801 555 2846 cum
572 2781 777 2845 conveniunt
793 2801 860 2845 non
876 2783 1053 2863 cognoscit
1076 2803 1160 2846 unus
1176 2783 1263 2849 alte·

145 2896 239 2955 rum3
262 2886 341 2955 sunt
354 2877 456 2940 etiam
468 2895 586 2939 omnes
598 2876 631 2939 in
646 2874 730 2939 facie
745 2895 823 2938 suae
836 2873 1038 2939 affectiones.
1070 2876 1153 2941 Inde
1166 2888 1262 2959 patet

145 2970 237 3054 quod
253 2970 391 3053 quisque
407 2970 510 3033 homo
525 2970 568 3033 sit
584 2970 756 3050 proximus
771 2969 954 3033 secundum
971 2970 1069 3053 quale
1085 2971 1174 3034 boni.

208 3063 305 3128 Bona
320 3064 503 3127 secundum
515 3082 655 3145 quorum
671 3062 780 3145 quale,
793 3073 871 3127 sunt
883 3065 1042 3145 imprimis
1057 3065 1262 3147 spiritualia;

144 3158 291 3223 charitas
306 3155 439 3239 spectat
454 3157 537 3221 haec
554 3157 718 3238 primario.

144 3352 171 3404 2.
198 3350 270 3408 Orod
279 3350 396 3404 sociem
407 3350 489 3403 minor
500 3355 528 3404 ot
537 3350 620 3418 major
630 3350 666 3403 cit
673 3350 809 3418 proximus
820 3351 961 3403 secundum
975 3351 1066 3403 bonnm
1079 3367 1145 3406 nsua
1156 3354 1221 3421 ejus.

207 3480 327 3546 Omnis
350 3483 493 3546 societas
515 3483 548 3545 in
571 3501 676 3563 regno
698 3481 880 3545 instituitur
902 3482 1085 3546 secundum
1104 3504 1191 3559 usus,
1207 3487 1262 3568 qui

143 3577 225 3641 varii
246 3586 334 3640 sunt.
379 3574 464 3640 Sunt
486 3576 666 3640 societates
688 3596 827 3659 quarum
850 3596 933 3657 opus
955 3587 1007 3640 est
1030 3577 1261 3642 administrare
1334 3629 1335 3632 ,

144 3672 236 3734 varia
257 3669 375 3743 civilia,
399 3690 484 3752 quae
513 3679 591 3732 sunt
622 3668 827 3750 multiplicia,
850 3671 941 3732 varia
966 3669 1147 3750 judiciaria,
1170 3673 1262 3735 varia

145 3764 373 3837 oeconomica,
389 3765 480 3826 varia
501 3762 740 3837 ecclesiastica,
764 3773 800 3827 ut
823 3765 1032 3838 consistoria,
1056 3764 1258 3840 academiae,

144 3857 301 3935 scholae3
325 3867 402 3920 sunt
418 3857 631 3920 scientiarum
647 3857 837 3930 societates,
855 3878 941 3939 quae
957 3858 1059 3920 etiam
1077 3856 1195 3938 plures.

206 3951 327 4016 Omnis
351 3951 494 4014 societas
525 3970 591 4014 non
614 3950 712 4014 aliter
742 3960 855 4031 potest
886 3949 1029 4032 spectari
1052 3969 1151 4033 quam
1173 3951 1259 4015 sicut

144 4045 246 4112 homo
261 4047 295 4109 in
311 4045 520 4126 composito;
543 4065 644 4128 qnare
660 4043 717 4108 illa
731 4054 784 4108 est
804 4046 977 4132 proximus
999 4044 1181 4108 secundum
1197 4044 1258 4109 bo-
