2776 5040
466 507 518 558 DE
540 507 677 561 DIVINA
698 506 919 563 nummu.

481 822 640 890 CAPUT
670 824 907 893 DECIMUM.

132 1053 249 1136 Quon
283 1065 360 1119 u1s1
392 1066 499 1120 uovs
532 1055 721 1121 Eccnnsrs
753 1069 928 1134 sxrsnnr,
963 1070 1064 1135 Qunu
1098 1071 1249 1124 naonar

260 1161 381 1212 monn
417 1162 577 1214 varmus
609 1162 815 1214 nccussmn
844 1162 947 1228 Quas
979 1165 1047 1216 ssa
1079 1165 1122 1215 ΙΝ
1153 1165 1248 1216 rsus

259 1254 367 1319 unos,
395 1255 444 1306 nr
470 1255 608 1307 uovnu
637 1256 784 1307 annun*
809 1256 912 1322 Quas
943 1240 1038 1309 ¹¹¹nsr
1067 1258 1109 1308 ΙΝ
1138 1258 1248 1310 uuum

261 1335 386 1412 Danu,
424 1350 490 1401 ms
526 1349 568 1400 1u
606 1337 798 1402 Domuum
835 1339 949 1403 Dnuu
985 1336 1248 1403 suavisonus

258 1429 379 1511 Jssuu
402 1429 614 1507 Cumsruu,
638 1443 719 1496 uou
749 1444 876 1497 aossrr
899 1446 1000 1498 uuus
1028 1445 1131 1497 csso
1161 1446 1248 1497 stu.-

259 1537 362 1599 vrnu,
388 1537 594 1590 sncuuuuu
617 1525 766 1590 Donum
788 1538 924 1590 vunan.

201 1733 227 1780 1.
258 1715 360 1799 Quod
391 1717 558 1782 Dominus
585 1718 640 1782 ubi
669 1719 713 1782 de
739 1719 1033 1784 consummatione
1059 1718 1186 1783 saeculi
1212 1728 1248 1784 et

133 1811 284 1875 adventu
302 1832 374 1887 suo,
394 1812 460 1875 hoc
480 1821 545 1888 est,
565 1813 608 1876 de
630 1812 696 1877 fine
714 1813 880 1877 ecclesiae
896 1814 1090 1889 hodiernae,
1110 1823 1147 1878 et
1165 1824 1246 1877 tunc

133 1905 297 1988 principio
309 1904 474 1969 ecclesiae
487 1926 606 1982 novae,
620 1926 696 1970 curn
714 1907 885 1990 discipulis
898 1906 1055 1990 loquitur,
1066 1916 1247 1991 postquam

132 1998 382 2063 desolationem
400 2009 436 2064 et
454 1998 670 2064 afflidtionem
689 2001 880 2083 descripsit,
897 2002 980 2065 dicit
995 2001 1086 2084 quod

189 2142 247 2192 Nisi
262 2144 481 2270 ἓὴδέξῖἰιτειιωτ
494 2145 551 2195 dies
566 2144 611 2205 illi,
624 2159 679 2194 non
694 2121 899 2195 conseruaretur
912 2144 968 2195 ulla
980 2159 1043 2195 caro
1057 2142 1164 2207 (Matri.
1176 2146 1240 2195 xxiv

282 2222 303 2268 1.
367 2223 374 2269 ;

134 2350 199 2414 hoc
218 2360 282 2425 est,
300 2352 439 2416 omnino
459 2353 606 2435 perirent
626 2361 737 2416 morte
754 2362 905 2416 aeterna.

197 2465 226 2512 2.
257 2448 358 2531 Quod
381 2470 449 2512 non
473 2461 732 2514 conservaretur
754 2450 824 2513 ulla
845 2470 925 2513 caro
948 2450 1010 2512 nisi
1033 2449 1092 2513 illa
1109 2448 1248 2515 afflictio

132 2552 169 2606 et
185 2543 394 2607 abominatio
417 2544 640 2608 desolationis
663 2544 875 2618 tollerentur,
896 2554 950 2608 est
969 2545 1047 2627 quia
1069 2543 1247 2627 perfidem

133 2637 317 2700 hodiernae
336 2638 501 2703 ecclesiae
519 2638 613 2701 nulla
631 2648 684 2702 est
703 2636 896 2718 conjunctio
915 2656 990 2701 cum
1011 2638 1098 2714 Deo,
1115 2648 1150 2702 et
1170 2639 1248 2702 inde

134 2730 227 2794 nulla
245 2732 346 2807 salus,
364 2732 448 2796 haec
468 2733 558 2796 enirn
573 2752 594 2795 a
610 2730 848 2813 conjundtione
863 2751 940 2795 cum
957 2732 1033 2795 Deo
1048 2733 1146 2796 unice
1162 2751 1247 2814 pen·

132 2826 192 2888 det
206 2845 213 2902 ;
237 2826 342 2889 immo
361 2826 452 2889 salus
468 2835 521 2890 est
537 2826 596 2888 illa
611 2823 814 2906 conjundtio.

198 2941 225 3005 3.
257 2923 357 3007 Quod
374 2924 545 3009 perfidem
561 2925 744 2989 hodiernae
760 2924 925 2988 ecclesiae
942 2943 1010 2987 non
1027 2925 1071 2988 sit
1087 2924 1247 3006 conjunc·

133 3021 183 3083 tio
205 3040 282 3083 cum
306 3020 391 3095 Deo,
408 3030 462 3084 est
485 3021 562 3103 quia
585 3019 668 3084 fides
691 3019 749 3082 illa
767 3027 821 3082 est
843 3019 877 3081 in
897 3028 966 3082 tres
985 3019 1088 3093 Deos,
1109 3028 1145 3082 et
1163 3018 1247 3082 fides

134 3114 197 3176 nisi
220 3115 253 3176 in
277 3133 379 3177 unum
403 3114 514 3178 Deum
537 3134 605 3178 non
629 3112 828 3195 conjungit;
855 3122 928 3176 tum
947 3113 1050 3176 etiam
1069 3113 1146 3195 quia
1164 3111 1248 3176 fides

133 3210 192 3273 illa
209 3219 263 3272 est
283 3211 316 3271 in
337 3208 445 3272 Deum
466 3208 612 3282 Patrem,
632 3211 688 3291 qui
706 3207 948 3271 inaccessibilis
964 3217 1037 3284 est,
1061 3217 1096 3271 et
1115 3228 1248 3291 quoque

133 3305 166 3366 in
197 3304 320 3366 Filium
347 3313 465 3366 natum
492 3303 535 3366 ab
561 3313 713 3378 aeterno,
741 3304 797 3385 qui
824 3302 978 3365 similiter
1006 3302 1249 3365 inaccessibilis

133 3399 230 3473 soret,
248 3399 325 3480 quia
348 3398 497 3479 ejusdem
516 3398 687 3461 essentiae
705 3417 782 3460 cum
802 3397 923 3474 Patre;
947 3397 1073 3478 pariter
1091 3397 1124 3459 in
1144 3395 1247 3478 Spiri-

134 3503 206 3557 tum
230 3489 411 3556 Sancium:
436 3502 472 3556 et
496 3493 658 3576 quianon
678 3491 798 3574 aliquis
823 3490 928 3553 Filius
948 3510 1009 3554 nec
1033 3490 1153 3573 aliquis
1173 3490 1247 3571 Spi-

133 3588 216 3651 ritus
239 3583 384 3650 Sanctus
407 3586 450 3650 ab
472 3596 614 3650 aeterno
632 3581 730 3661 fflfuit,
748 3581 858 3648 [fifides
882 3586 915 3647 in
939 3585 1024 3648 duos
1047 3584 1123 3647 illos
1142 3596 1195 3649 est
1214 3586 1247 3648 in

134 3680 263 3744 nullum
287 3681 408 3744 Deum.
463 3679 611 3744 Accedit
638 3681 729 3763 quod
752 3677 836 3742 fides
859 3678 1023 3742 hodierna
1049 3699 1117 3742 non
1140 3683 1248 3761 possit

133 3775 217 3838 uniri
236 3795 313 3838 curn
332 3775 520 3852 charitate3
544 3784 580 3838 et
598 3772 682 3837 fides
701 3792 769 3836 non
789 3774 883 3836 unita
902 3773 1071 3848 charitati,
1091 3773 1140 3836 ita
1162 3773 1246 3845 sola,

134 3889 201 3932 non
225 3868 412 3951 conjungit.
458 3867 596 3931 Exinde
619 3867 770 3950 sequitur
793 3868 883 3948 quod
907 3868 969 3929 nisi
992 3886 1081 3929 nova
1103 3866 1248 3929 ecclesia

133 3985 152 4026 a
175 3964 325 4026 Domino
348 3964 554 4025 instauretur
576 3982 662 4045 quae
685 3959 786 4024 fidem
810 3960 903 4023 illam
930 3961 1057 4035 abolet,
1082 3969 1117 4023 et
1144 3960 1247 4024 docet

134 4078 267 4132 novam,
288 4078 373 4140 quae
396 4066 449 4120 est
472 4058 505 4119 in
524 4075 627 4119 unum
647 4055 768 4131 Deum,
785 4065 821 4119 et
839 4054 938 4118 simul
958 4055 1053 4117 unita
1072 4055 1243 4128 charitati,

133 4172 200 4215 non
220 4160 477 4216 conservaretur
496 4150 564 4213 ulla
583 4169 673 4225 caro,
692 4149 756 4213 hoc
776 4158 840 4223 est,
857 4168 925 4211 non
949 4147 1138 4211 salvaretur
1158 4148 1245 4211 ullus

132 4248 246 4312 homo.

194 4362 224 4424 4.
255 4341 357 4426 Quod
383 4339 468 4404 fides
497 4339 661 4403 hodierna
688 4337 895 4402 destruxerit
921 4338 1109 4401 universam
1136 4336 1247 4401 eccle-

134 4441 226 4515 siam,
244 4449 279 4503 et
301 4434 530 4501 falsificaverit
552 4443 665 4498 totum
685 4431 848 4508 Verbum,
869 4451 968 4514 supra
986 4440 1162 4495 ostensum
1181 4441 1245 4495 est.
