2776 5040
137 388 177 469 56
408 398 586 451 CANONES
607 398 738 451 NOVAE
756 399 979 452 ECCLESIAE.

136 571 238 635 Deos.
291 568 420 634 Annon
444 572 491 634 sic
515 570 635 652 religio
657 569 705 634 illi
727 568 820 634 aliud
842 580 899 635 est
918 590 1024 654 quam
1049 571 1196 637 veritas?
1213 580 1241 637 et

26 718 30 725 .
133 666 224 748 quod
247 675 316 729 tres
340 684 505 747 personae
528 685 573 728 ex
589 665 736 728 veritate
759 665 827 727 sint
846 674 916 728 tres
935 666 993 740 dii,
1015 666 1079 730 sed
1097 667 1188 750 quod
1206 687 1241 731 ex

133 759 297 841 religione
315 760 384 823 sint
403 779 488 822 unus
507 758 623 822 Deus?

199 905 226 973 5.
258 889 359 973 Quod
378 892 512 955 trinitas
534 911 753 973 personarum
776 891 810 954 in
834 892 1027 957 Divinitate
1049 905 1135 957 ante
1158 914 1245 957 mun·

344 986 424 1048 dum
441 996 604 1059 creatum,
622 1005 691 1048 non
709 987 841 1049 veniret
864 987 899 1048 in
922 986 1067 1067 alicujus
1091 999 1246 1064 mentem,

344 1099 364 1142 a
383 1090 537 1161 tempore
556 1079 809 1162 Adami'usque
827 1081 870 1142 ad
894 1080 1085 1144 adventum
1106 1083 1246 1156 Domini,

344 1183 381 1236 ut
398 1183 495 1256 patet
511 1194 531 1236 a
547 1173 664 1236 Verbo
679 1173 815 1236 Veteris
831 1174 1060 1250 Testamenti,
1075 1187 1113 1239 et
1130 1177 1173 1240 ab
1187 1177 1248 1239 his·

345 1269 439 1331 toriis
457 1268 499 1330 de
518 1267 682 1350 religione
701 1269 927 1350 antiquorum.

257 1358 359 1442 Quod
376 1382 437 1426 nec
455 1364 585 1447 venerit
601 1364 635 1425 in
651 1373 804 1425 mentem
821 1361 1085 1444 Apostolorum,
1105 1376 1143 1427 ut
1159 1374 1249 1448 patet

343 1476 362 1520 e
381 1457 516 1538 scriptis
535 1455 669 1519 illorum
691 1457 724 1518 in
745 1455 870 1520 Verbo.

258 1548 359 1632 Quod
384 1570 446 1613 nec
470 1552 601 1614 venerit
628 1551 662 1613 in
690 1560 841 1614 mentem
868 1550 1007 1632 alicujus
1036 1553 1070 1614 in
1099 1553 1250 1617 Ecclesia

344 1644 559 1727 Apostolica,
572 1665 659 1726 quae
672 1644 732 1709 suit
748 1657 829 1707 ante
842 1644 1034 1708 Concilium
1053 1646 1248 1721 Nicaenum,

344 1749 381 1802 ut
400 1749 498 1822 patet
517 1759 537 1802 a
553 1739 705 1821 Symbola
719 1739 750 1801 A
752 1739 920 1819 postolico,
938 1736 1001 1802 ¹¹¹in
1020 1761 1091 1823 quo
1108 1761 1178 1804 non
1193 1741 1248 1803 ali-

343 1835 417 1917 quis
434 1833 538 1896 Filius
557 1835 600 1896 ab
615 1843 767 1908 aeterno,
786 1834 846 1896 sed
864 1832 968 1896 Filius
985 1845 1089 1898 natus
1107 1856 1129 1898 a
1148 1835 1250 1898 Maria

344 1926 487 2009 Virgine
506 1928 710 1991 nominatur.

258 2021 359 2105 Quod
383 2023 517 2086 trinitas
536 2039 755 2104 personarum
774 2022 818 2084 ab
836 2031 979 2085 aeterno
997 2042 1067 2085 non
1087 2024 1193 2087 modo
1210 2024 1249 2087 sit

345 2137 444 2199 supra
462 2117 641 2192 rationem,
662 2116 722 2178 sed
741 2125 862 2179 contra
880 2115 983 2179 illam.

134 2266 199 2332 Est
215 2279 337 2333 contra
352 2271 519 2332 rationem
536 2269 627 2350 quod
646 2278 716 2332 tres
734 2268 902 2332 Personae
914 2271 1107 2334 creaverint
1121 2273 1248 2335 univer·

134 2383 230 2441 sum;
257 2364 349 2447 quod
371 2374 442 2427 tres
465 2363 633 2427 Personae
653 2364 785 2435 suerint,
806 2373 842 2425 et
866 2366 1074 2445 unaquaevis
1094 2366 1198 2441 Deus,
1216 2375 1249 2429 et

135 2478 202 2521 non
227 2469 296 2523 tres
320 2459 375 2522 Dii
398 2459 458 2521 sed
482 2479 577 2533 unus,
597 2467 632 2520 et
657 2468 737 2522 tunc
758 2467 827 2520 tres
849 2458 1015 2521 Personae
1035 2469 1070 2522 et
1096 2479 1165 2524 non
1189 2481 1249 2523 una

135 2552 292 2616 Persona.

204 2648 337 2710 Numne
355 2647 510 2710 Ecclesia
526 2647 636 2708 sutura
654 2646 752 2708 Nova
768 2658 1003 2727 nuncupatura
1019 2649 1064 2710 sit
1081 2649 1249 2711 saeculum

134 2741 310 2805 Ecclesiae
330 2741 467 2805 Veteris
487 2742 665 2804 obscurum
689 2750 747 2803 aut
771 2742 960 2814 barbarum,
981 2744 1121 2823 quando
1140 2743 1247 2806 colue-

135 2847 211 2899 runt
236 2847 306 2899 tres
331 2835 444 2899 Deos?
489 2834 650 2898 Similiter
673 2845 751 2897 sunt
775 2836 983 2897 irrationalia
1007 2836 1067 2898 illa
1094 2858 1181 2918 quae
1206 2857 1248 2900 ex

135 2932 288 2994 trinitate
307 2930 364 2993 illa
384 2931 595 2993 devenerint.

196 3064 225 3127 6.
261 3063 360 3145 Quod
381 3065 514 3127 trinitas
534 3063 754 3126 Personarum
775 3065 808 3125 in
833 3063 1021 3128 Divinitate
1044 3066 1089 3128 ab
1112 3077 1247 3129 aeterno

345 3160 488 3239 primum
505 3158 631 3220 tradita
648 3160 690 3220 sit
708 3178 728 3220 a
747 3157 901 3220 Concilio
918 3158 1082 3234 Nicaen0,
1101 3171 1138 3223 ut
1155 3168 1244 3242 patet

344 3273 363 3314 a
379 3251 510 3314 duobus
527 3250 697 3332 Symbolis
713 3252 865 3314 Nicaeno
881 3263 915 3314 et
930 3252 1192 3331 Athanasian03
1214 3263 1245 3315 et

344 3347 433 3428 quod
453 3355 574 3428 postea
597 3356 633 3407 ut
657 3346 842 3426 principale
866 3347 1002 3428 dogma,
1023 3368 1063 3410 ac
1089 3359 1125 3410 ut
1149 3357 1245 3430 caput

344 3437 582 3510 dodtrinarum
611 3440 654 3501 ab
681 3439 833 3501 ecclesiis
861 3451 938 3520 post
966 3439 1048 3503 illud
1078 3440 1244 3524 usquead

344 3534 543 3596 hodiernum
563 3534 652 3595 diem
672 3545 810 3614 recepta
830 3535 883 3595 sit.

257 3626 357 3710 Quod
378 3625 539 3691 [²¹trinitas
562 3628 620 3690 illa
644 3629 770 3690 tradita
793 3630 837 3691 sit
865 3650 884 3690 a
908 3627 1061 3692 Concilio
1086 3630 1243 3702 Nicaeno,

344 3723 476 3784 suerunt
500 3724 599 3784 binae
622 3742 764 3799 causae;
796 3723 913 3804 prima,
938 3724 1029 3804 quod
1059 3744 1127 3786 non
1152 3725 1245 3787 aliter

344 3818 537 3897 dispergere
561 3817 721 3878 sciverint
745 3816 906 3879 scandala
930 3817 1014 3889 Arii,
1040 3819 1097 3899 qui
1121 3819 1243 3880 Divini-

344 3920 452 3972 tatem
473 3910 608 3972 Domini
630 3911 800 3989 negabat;
828 3910 945 3983 altera,
963 3911 1040 3991 quia
1059 3931 1129 3973 non
1149 3911 1243 3973 intel-

344 4004 490 4066 lexerint
519 4005 576 4066 illa
602 4024 688 4086 quae
715 4007 841 4085 scripta
867 4015 946 4066 sunt
974 4025 1033 4086 per
1060 4005 1245 4079 Jolzannem

342 4096 599 4178 Evangelistam

446 4231 541 4294 (capi.
556 4244 577 4289 1,
590 4243 612 4290 2,
628 4244 665 4290 ro,
679 4245 723 4292 14;
741 4246 797 4295 cap.
810 4232 862 4281 xvi.
875 4232 924 4291 283
942 4245 998 4294 cap.
1011 4233 1074 4282 xvii.
1088 4233 1121 4296 5).

133 4356 275 4416 (Quomodo
285 4355 326 4401 illa
336 4354 490 4414 intelligenda
499 4362 562 4409 suut,
572 4355 681 4401 videatur
690 4354 781 4415 supra)
