2776 5040
158 487 200 570 36
474 503 525 554 na
548 501 653 555 nova
676 501 950 555 nrnnosouuur

215 686 289 753 39.
321 669 438 732 Homo
456 669 549 750 cujus
567 670 739 732 internum
758 679 811 733 est
830 670 863 732 in
883 669 958 733 luce
980 668 1078 744 caeli,
1098 678 1134 732 et
1156 677 1274 732 exter·

158 782 238 825 num
257 764 291 825 in
310 762 384 824 luce
404 763 530 834 mundi,
545 762 602 824 ille
618 771 653 824 et
670 761 891 844 spiritualiter
907 770 943 824 et
961 760 1165 824 naturaliter
1182 763 1276 842 cogi·

156 865 229 933 tat;
253 857 313 918 sed
330 864 411 918 tunc
428 855 609 937 spiritualis
626 855 696 935 ejus
715 856 883 936 cogitatio
896 854 1004 918 influit
1020 856 1054 917 in
1072 855 1275 927 naturalem,

156 969 195 1013 ac
224 950 405 1032 percipitur
428 951 493 1012 ibi:
526 960 562 1012 at
586 949 690 1012 homo
713 949 805 1030 cujus
828 950 999 1011 internum
1023 968 1101 1012 cum
1127 959 1276 1012 externo

156 1053 209 1108 est
228 1045 261 1106 in
281 1044 356 1107 luce
379 1045 506 1113 mundi.
525 1064 591 1106 non
616 1043 835 1126 spiritualiter
853 1044 913 1106 sed
937 1043 1161 1106 materialiter
1180 1044 1276 1123 cogi·

157 1149 230 1216 tat;
254 1139 386 1219 cogitat
406 1139 496 1200 enim
515 1159 560 1200 ex
584 1138 708 1200 talibus
732 1158 819 1220 quae
841 1139 875 1200 in
899 1138 1014 1200 mundi
1039 1147 1160 1200 natura
1184 1147 1277 1206 sunt.

156 1253 242 1314 quae
272 1232 385 1295 omnia
415 1243 492 1294 sunt
523 1231 721 1294 materialia.
780 1230 1009 1314 Spiritualiter
1039 1231 1193 1312 cogitare
1224 1238 1277 1292 est

157 1327 309 1408 cogitare
332 1327 422 1407 ipsas
441 1346 493 1388 res
512 1327 546 1389 in
565 1347 612 1398 se,
626 1326 741 1388 videre
757 1347 837 1388 vera
855 1347 900 1388 ex
920 1325 995 1388 luce
1010 1326 1091 1399 veri,
1107 1334 1142 1387 et
1168 1324 1278 1406 perci·

157 1440 236 1501 pere
253 1420 343 1482 bona
365 1440 409 1483 ex
429 1439 544 1482 amore
565 1421 654 1493 boni,
675 1430 748 1482 tum
767 1421 882 1482 videre
901 1419 1086 1502 qualitates
1106 1437 1219 1481 rerum
1240 1427 1277 1481 et

159 1514 330 1595 percipere
349 1513 482 1576 illarum
502 1510 696 1576 affectiones
715 1510 888 1576 abstracte
911 1534 931 1575 a
955 1513 1119 1588 materia;
1143 1521 1180 1575 at
1204 1531 1278 1574 rna·

157 1607 486 1688 terialitercogitare
502 1618 555 1670 est
572 1608 737 1688 cogitare,
754 1607 880 1681 videre,
894 1617 929 1671 et
946 1607 1119 1689 percipere
1135 1605 1194 1669 illa
1211 1625 1279 1668 una

158 1719 234 1763 cum
248 1703 401 1773 materia,
416 1712 450 1764 et
469 1702 501 1763 in
514 1702 667 1773 materia,
682 1702 731 1763 ita
742 1699 931 1782 respective
947 1721 1060 1764 crasse
1073 1711 1109 1764 et
1122 1700 1277 1764 obscure.

216 1812 292 1879 4ο.
324 1796 485 1859 Internus
514 1796 700 1877 spiritualis
732 1795 848 1873 homo,
868 1797 902 1858 in
933 1816 971 1859 se
1002 1794 1191 1877 spectatus,
1222 1804 1276 1858 est

157 1888 300 1969 angelus
327 1888 434 1964 caeli;
467 1897 502 1951 et
532 1908 676 1971 quoque,
701 1888 781 1950 dum
808 1889 892 1951 vivit
920 1889 953 1950 in
981 1908 1135 1969 corpore,
1160 1898 1214 1951 est
1242 1888 1275 1950 in

158 1984 324 2047 societate
341 2004 416 2045 cum
434 1983 576 2063 angelis.
588 1984 726 2045 tametsi
745 1983 778 2045 id
799 1993 880 2046 tunc
897 1984 1017 2057 nescit,
1031 1993 1068 2046 et
1084 1992 1163 2065 post
1184 1983 1277 2045 solu·

158 2079 287 2142 tionem
304 2099 324 2139 a
340 2096 481 2159 corpore
498 2079 586 2139 inter
602 2076 746 2158 angelos
759 2078 864 2140 venit.
906 2077 1022 2140 Homo
1038 2086 1155 2140 autern
1171 2078 1276 2141 inter·

158 2190 220 2234 nus
244 2192 335 2236 mere
360 2171 532 2244 naturalis,
557 2173 591 2233 in
614 2192 652 2234 se
679 2169 864 2252 spectatus
888 2182 942 2235 est
972 2172 1110 2253 spiritus
1139 2182 1176 2235 et
1209 2191 1276 2234 non

158 2266 300 2347 angelus
314 2288 321 2342 ;
345 2275 380 2327 et
400 2286 543 2347 quoque,
557 2264 638 2327 dum
650 2265 733 2327 vivit
750 2266 783 2327 in
803 2284 955 2347 corpore,
969 2267 1002 2327 in
1019 2266 1187 2328 societate
1201 2284 1276 2329 cum

158 2360 330 2442 spiritibus
349 2369 413 2430 est,
431 2359 491 2420 sed
507 2378 584 2421 cum
603 2358 669 2420 illis
684 2360 739 2440 qui
756 2360 789 2421 in
806 2359 936 2423 inferno
952 2369 1052 2438 sunt;
1075 2360 1182 2423 etiam
1198 2367 1276 2442 post

158 2454 364 2518 solutionem
384 2474 403 2515 a
421 2474 562 2535 corpore
581 2453 763 2516 interillos
781 2454 886 2517 venit.

216 2565 285 2632 41.
313 2549 483 2612 Interiora
505 2549 595 2630 apud
618 2548 696 2610 illos
712 2549 768 2630 qui
787 2550 983 2630 spirituales
1002 2550 1161 2612 homines
1184 2558 1275 2623 sunt,

158 2641 262 2705 etiam
278 2639 458 2706 actualiter
473 2640 608 2704 elevata
627 2651 706 2703 sunt
722 2661 838 2703 versus
855 2642 998 2716 caelum,
1013 2639 1171 2725 spectant
1188 2643 1276 2705 enim

159 2736 241 2799 illud
255 2737 432 2818 primario:
457 2736 618 2798 interiora
630 2745 746 2797 autem
760 2756 846 2817 quae
860 2739 985 2799 mentis
998 2748 1077 2798 sunt
1090 2738 1180 2819 apud
1201 2736 1277 2799 illos

158 2830 214 2912 qui
233 2849 324 2893 mere
342 2830 513 2892 naturales
529 2838 619 2903 sunt,
633 2827 811 2892 actualiter
833 2850 930 2893 versa
947 2841 1025 2893 sunt
1042 2831 1085 2892 ad
1102 2831 1276 2904 mundum,

158 2924 235 3005 quia
251 2920 409 3006 spectant
428 2923 524 2986 illum
542 2924 708 3005 primario.
755 2923 923 2987 Interiora
940 2946 1026 3006 quae
1043 2927 1169 2988 mentis
1186 2934 1276 3001 sunt,

158 3018 248 3099 apud
276 3020 532 3100 unumquemvis
558 3038 656 3080 versa
682 3029 761 3080 sunt
789 3019 831 3081 ad
862 3020 896 3081 id
924 3020 1014 3101 quod
1041 3041 1142 3101 super
1163 3021 1278 3082 omnia

159 3122 275 3188 amat;
303 3123 338 3175 et
362 3114 535 3176 exteriora
557 3134 644 3195 quae
666 3114 770 3175 animi
794 3124 883 3189 sunt,
901 3124 1079 3177 vertuntur
1098 3135 1166 3197 quo
1189 3116 1277 3178 inte·

159 3225 255 3268 rrora.

217 3311 285 3379 4²·
311 3297 377 3378 Qui
393 3299 498 3361 modo
513 3318 731 3362 communem
747 3300 861 3362 ideam
873 3301 916 3363 de
931 3302 1068 3363 interno
1080 3309 1115 3364 et
1128 3311 1277 3364 externo

158 3390 296 3453 homine
314 3391 455 3464 habent,
473 3392 617 3455 credunt
637 3392 728 3474 quod
748 3393 902 3456 internus
920 3393 1024 3456 homo
1043 3394 1087 3456 sit
1107 3395 1163 3476 qui
1183 3396 1277 3476 cogi·

159 3495 212 3548 tat
232 3496 267 3549 et
286 3486 341 3567 qui
359 3485 444 3558 vult,
462 3495 496 3547 et
513 3495 677 3549 externus
700 3487 755 3567 qui
780 3486 928 3569 loquitur
946 3497 981 3550 et
1001 3488 1058 3569 qui
1081 3488 1172 3560 facit.
1194 3509 1279 3570 quo·

159 3581 248 3643 niam
268 3581 420 3661 cogitare
436 3589 472 3642 et
488 3579 577 3642 velle
594 3589 647 3643 est
664 3581 845 3654 internum,
861 3591 896 3644 et
914 3582 993 3644 inde
1010 3581 1100 3663 loqui
1117 3592 1152 3645 et
1169 3583 1279 3648 lacere

158 3683 212 3738 est
230 3684 422 3738 externum.
468 3672 535 3737 Sed
553 3674 728 3736 sciendum
749 3676 910 3756 estquod
930 3695 1005 3738 cum
1026 3676 1131 3738 homo
1150 3678 1279 3741 intelli-

158 3780 280 3850 genter
303 3771 438 3850 cogitat
457 3778 492 3832 et
517 3770 690 3851 sapienter
706 3769 792 3843 vult,
813 3780 894 3832 tunc
919 3771 1051 3851 cogitet
1074 3781 1109 3833 et
1127 3772 1212 3835 velit
1236 3773 1279 3836 ab

158 3864 294 3927 interno
312 3863 477 3945 spirituali
493 3884 500 3939 ;
525 3873 560 3925 at
581 3882 658 3926 cum
678 3862 784 3926 homo
803 3883 871 3925 non
891 3863 1126 3945 intelligenter
1145 3868 1279 3946 cogitat

158 3968 194 4023 et
210 3959 380 4041 sapienter
393 3957 477 4029 vult,
493 3959 623 4038 cogitet
641 3967 676 4020 et
693 3957 776 4020 velit
795 3958 839 4020 ab
854 3959 990 4021 interno
1006 3958 1170 4021 naturali:
1196 3980 1278 4023 con·

158 4062 340 4135 sequenter
356 4072 431 4115 cum
451 4052 556 4114 homo
575 4052 662 4114 bene
681 4052 724 4114 de
740 4052 889 4115 Domino
907 4063 942 4117 et
961 4053 1004 4116 de
1020 4053 1086 4115 illis
1103 4074 1189 4135 quae
1208 4054 1278 4117 Do·

159 4148 239 4209 mini
256 4157 345 4220 sunt,
359 4156 394 4209 et
412 4165 488 4209 cum
501 4146 588 4209 bene
605 4145 648 4208 de
665 4147 822 4227 proximo
838 4166 877 4210 ac
895 4147 937 4209 de
953 4146 1019 4209 illis
1032 4168 1117 4228 quae
1131 4149 1278 4229 proximi

161 4251 252 4314 sunt,
277 4242 410 4321 cogitat
434 4250 468 4302 et
493 4239 559 4302 illis
582 4241 669 4302 bene
692 4240 777 4314 vult,
801 4250 882 4304 tunc
906 4243 1038 4323 cogitat
1066 4252 1101 4304 et
1132 4243 1206 4307 vult
1236 4244 1279 4306 ab

161 4336 298 4398 interno
310 4335 485 4417 spirituali,
499 4334 576 4416 quia
592 4323 675 4398 tunc'
690 4336 823 4416 cogitat
836 4356 880 4397 ex
896 4334 1042 4399 fide-veri
1055 4348 1090 4400 et
1104 4358 1147 4399 ex
1162 4357 1278 4401 amore

158 4428 249 4505 boni,
269 4429 318 4492 ita
340 4450 385 4492 ex
409 4429 524 4492 caelo:
548 4438 585 4493 at
608 4448 686 4492 cum
708 4429 813 4492 homo
832 4430 921 4494 male
940 4430 983 4494 de
1002 4429 1068 4493 illis
1087 4432 1222 4512 cogitat
1240 4441 1276 4496 et
