2776 5040
542 466 593 518 os
613 464 846 518 ennarrans.
1212 469 1255 541 ³7

126 646 191 703 tas.
236 635 301 702 ille
324 657 370 701 ex
391 635 571 719 prudentia
593 638 681 702 sicut
704 615 848 720 propria⁸
860 634 942 718 agit,
965 635 1026 700 sed
1049 658 1153 720 usque
1176 635 1252 704 fidit

128 732 272 796 Divinae
303 731 558 809 Providentiae;
589 752 691 815 quare
723 752 791 797 non
821 733 1013 813 despondet
1037 733 1187 797 animum
1216 733 1253 797 in

126 826 327 901 infortuniis,
346 846 408 889 nec
432 826 582 908 superbit
605 827 718 889 animo
741 827 773 888 in
796 826 1027 903 successibus;
1054 828 1186 908 cogitat
1208 827 1252 892 de

127 921 278 983 crastino
293 929 329 984 et
352 941 455 1002 usque
479 940 546 982 non
563 921 693 1001 cogitat
716 920 759 982 de
782 919 863 997 illo;
887 919 1018 1000 cogitat
1041 919 1084 983 de
1104 922 1253 985 crastino

127 1013 206 1094 quid
222 1024 258 1077 et
275 1013 446 1096 quomodo
457 1010 624 1090 {asturum
647 1014 707 1077 sed
726 1034 793 1077 non
810 1014 941 1095 cogitat
957 1014 1000 1077 de
1016 1015 1164 1079 crastino
1176 1016 1254 1098 quia

128 1105 272 1170 Divinae
289 1108 524 1173 Providentiae
539 1116 575 1171 et
594 1127 662 1171 non
678 1108 832 1189 propriae
848 1107 1046 1190 prudentiae
1062 1110 1180 1173 tribuit
1202 1109 1251 1173 su·

128 1208 224 1278 tura;
240 1201 343 1265 etiam
360 1202 573 1284 prudentiam
589 1221 683 1265 suam
700 1203 810 1265 eidem
822 1201 948 1265 tribuit.
992 1200 1100 1266 Amat
1117 1204 1251 1285 negoti·

127 1295 280 1359 ationem
305 1307 341 1360 ut
369 1296 552 1378 principale
574 1294 676 1360 officii
709 1297 768 1370 sui,
792 1305 828 1360 et
863 1295 1039 1377 pecuniam
1062 1305 1099 1361 ut
1127 1297 1251 1360 instru-

128 1388 279 1453 mentale
295 1390 375 1472 ejus,
386 1401 422 1455 et
438 1391 502 1455 hoc
519 1410 588 1454 non
604 1389 682 1453 iacit
700 1388 882 1471 principale
898 1399 934 1454 et
949 1387 1031 1452 illud
1046 1390 1251 1455 instrumen-

128 1481 209 1558 tale,
223 1485 309 1548 sicut
325 1483 450 1548 saciunt
467 1484 615 1566 plerique
628 1504 672 1547 ex
688 1483 832 1564 Judaeis.
877 1481 931 1546 Sic
944 1493 1037 1547 amat
1053 1503 1148 1566 opus,
1159 1483 1251 1566 quod

127 1577 162 1640 in
173 1597 211 1640 se
223 1588 276 1641 est
289 1578 415 1641 bonum
428 1599 514 1651 usus,
528 1588 563 1641 et
580 1597 648 1640 non
664 1578 775 1640 media
787 1597 885 1658 supra
899 1575 982 1640 illud
994 1599 1002 1656 ;
1019 1577 1102 1641 haec
1115 1578 1251 1659 quidem

128 1689 198 1734 non
211 1672 259 1735 ita
270 1672 459 1753 distinguit,
472 1672 531 1734 sed
545 1692 648 1754 usque
672 1672 925 1752 distinguuntur
947 1673 1005 1746 ita,
1022 1672 1102 1735 dum
1115 1669 1251 1753 spectat

127 1765 171 1828 ad
188 1765 373 1828 Dominum
385 1776 421 1828 et
432 1765 517 1846 sugit
530 1764 619 1828 mala
631 1775 668 1828 ut
681 1775 842 1846 peccata;
859 1763 944 1846 sugit
960 1766 1049 1828 enim
1061 1767 1249 1843 avaritiam,

128 1877 214 1939 quae
230 1869 282 1922 est
293 1857 429 1933 malum,
440 1870 476 1923 et
492 1858 633 1940 plurium
647 1859 811 1922 malorum
827 1859 923 1922 radix
937 1880 944 1936 ;
963 1870 1055 1923 amat
1071 1880 1250 1925 commune

127 1952 255 2016 bonum
285 1952 366 2015 dum
396 1963 489 2017 amat
518 1973 612 2016 suum
643 1953 779 2027 bonum,
803 1953 880 2035 quia
901 1954 935 2016 in
957 1953 1023 2017 hoc
1046 1952 1127 2016 illud
1152 1953 1248 2030 latet,

126 2045 214 2109 sicut
227 2046 324 2109 radix
341 2046 468 2110 arboris
483 2066 567 2128 quae
583 2067 619 2110 se
632 2044 783 2110 occultat
799 2048 862 2111 sub
876 2056 976 2123 terra,
993 2068 1038 2110 ex
1054 2067 1119 2128 qua
1134 2055 1249 2111 tamen

126 2140 250 2203 crescit
266 2152 302 2203 et
318 2140 414 2204 floret
424 2149 459 2204 et
475 2138 597 2204 {rudius
613 2142 697 2218 iert;
717 2159 784 2203 non
801 2140 890 2222 quod
906 2142 936 2205 ei
951 2162 997 2204 ex
1006 2161 1067 2204 suo
1078 2140 1136 2204 det
1152 2158 1248 2221 prae-

126 2242 181 2298 ter
202 2234 329 2310 debita,
352 2234 413 2297 sed
439 2235 515 2317 quia
544 2236 669 2299 bonum
702 2233 871 2316 publicum
893 2244 945 2298 est
968 2254 1100 2316 quoque
1123 2233 1249 2297 bonum

126 2329 328 2405 concivium,
345 2329 422 2393 inde
439 2331 527 2392 enim
543 2331 671 2404 existit,
683 2349 767 2411 quos
783 2348 828 2391 ex
845 2328 1019 2402 charitate,
1036 2325 1128 2407 cujus
1143 2326 1250 2391 forma

125 2432 191 2497 est,
216 2435 319 2488 amat.
364 2424 475 2488 Nemo
498 2433 611 2505 potest
627 2423 763 2487 occulta
779 2422 952 2486 charitatis
967 2421 1056 2503 apud
1078 2441 1115 2484 se
1137 2440 1247 2499 nosse,

125 2518 205 2600 quia
219 2516 277 2581 illa
292 2538 360 2582 non
376 2519 480 2592 videt,
496 2518 556 2580 sed
573 2518 739 2581 Dominus
755 2516 859 2581 videt.

130 2689 184 2756 [9.]
213 2687 332 2741 Maelius
342 2686 414 2755 opud
424 2686 561 2755 opererio·
573 2691 620 2740 est.

191 2801 254 2864 Per
285 2798 464 2882 Operarios
495 2800 730 2883 intelliguntur
751 2798 889 2883 opifices
922 2810 957 2865 et
987 2799 1144 2878 artifices,
1167 2802 1248 2867 varii

125 2897 271 2980 generis.
310 2895 356 2959 Hi
368 2897 394 2958 si
407 2892 562 2977 spectant
574 2895 618 2958 ad
632 2895 814 2958 Dominum
826 2905 860 2959 et
873 2895 1004 2977 fugiunt
1017 2896 1106 2960 mala
1118 2906 1154 2961 ut
1166 2916 1246 2979 pec·

125 3001 215 3066 cata,
229 3011 267 3054 ac
284 2992 422 3064 sincere,
432 2988 521 3070 juste
536 2998 571 3052 et
588 2987 732 3053 fideliter
743 2989 868 3053 iaciunt
881 3010 941 3053 sua
956 3010 1069 3072 opera,
1082 2989 1165 3054 fiunt
1180 2990 1246 3054 ior·

126 3105 202 3150 mae
226 3085 410 3157 charitatis,
433 3084 571 3165 quisque
594 3084 679 3146 sicut
711 3092 803 3146 amat
830 3103 924 3146 suum
947 3103 1042 3165 opuS,
1065 3093 1101 3148 et
1131 3084 1247 3147 studet

125 3178 194 3257 illi;
218 3198 321 3260 opera
343 3179 432 3240 enim
454 3177 586 3241 illorum
600 3186 678 3241 sunt
694 3178 784 3241 bona
806 3198 883 3240 usus
899 3179 1115 3243 inservientia
1131 3178 1246 3260 proxi·

126 3293 184 3338 mo
207 3292 267 3354 pro
289 3272 388 3333 variis
411 3272 668 3334 necessitatibus
694 3290 734 3333 ac
766 3270 977 3346 utilitatibus,
1001 3282 1038 3336 ut
1062 3292 1123 3354 pro
1145 3268 1246 3347 victu,

125 3363 261 3439 amiitu,
285 3365 506 3438 habitatione,
530 3365 648 3439 tutela,
672 3365 941 3440 conservatione,
964 3365 1187 3448 jucunditate,
1210 3375 1246 3429 et

126 3459 199 3525 aliis
216 3459 374 3540 pluribus,
386 3468 421 3521 et
437 3467 515 3521 sunt
532 3457 762 3521 emolumenta
772 3457 1001 3539 Reipublicae.
1040 3458 1189 3542 Quisque
1202 3461 1246 3523 si·

126 3563 183 3618 cut
207 3553 355 3616 intendit
379 3561 529 3615 mentem
552 3571 646 3614 suam
669 3553 762 3634 operi
784 3561 820 3615 et
851 3552 957 3616 labori
980 3573 1041 3616 suo
1063 3574 1107 3617 ex
1131 3573 1246 3618 amore

125 3647 206 3729 ejus,
223 3657 277 3710 est
293 3646 403 3728 quoad
419 3645 632 3709 affectionem
648 3655 684 3710 et
707 3647 953 3728 cogitationem
970 3648 1012 3710 de
1035 3645 1093 3711 illo
1108 3648 1142 3711 in
1164 3647 1244 3727 illo;

125 3752 161 3806 et
184 3751 348 3824 quantum
381 3741 414 3802 in
437 3739 495 3802 illo
518 3748 581 3812 est,
606 3749 740 3803 tantum
763 3741 935 3804 detinetur
960 3762 980 3805 a
1003 3742 1188 3823 cogitando
1209 3752 1245 3806 et

125 3835 272 3900 amando
288 3853 385 3907 vana,
402 3853 440 3896 ac
457 3843 535 3914 post
551 3833 682 3896 ducitur
697 3854 717 3896 a
734 3834 882 3897 Domino
900 3835 943 3897 ad
966 3836 1186 3917 cogitandum
1209 3846 1246 3901 et

125 3929 307 3993 amandum
323 3928 422 4001 bona,
436 3937 470 3991 et
486 3947 619 4009 quoque
635 3927 678 3990 ad
694 3928 915 4008 cogitandum
928 3938 963 3993 et
980 3929 1160 3992 amandum
1173 3949 1244 3994 me·

126 4024 180 4087 dia
201 4022 245 4085 ad
268 4022 405 4095 bonum,
421 4042 506 4103 quae
529 4032 608 4084 sunt
624 4041 723 4099 vera;
746 4019 844 4085 aliter
863 4024 919 4104 qui
941 4043 1010 4086 non
1033 4023 1130 4087 alicui
1151 4023 1245 4104 operi

125 4117 276 4181 intentus
292 4124 355 4178 est.
400 4113 518 4178 Omnis
534 4116 704 4195 operarius
719 4116 775 4197 qui
784 4113 923 4197 spectat
939 4118 982 4180 ad
999 4117 1192 4193 Dominum,
1208 4126 1244 4182 et

125 4209 208 4293 sugit
232 4208 323 4273 mala
345 4219 382 4272 ut
405 4219 556 4290 peccata,
579 4208 665 4290 fugit
688 4210 805 4284 otium,
830 4212 905 4291 quia
929 4210 993 4274 hoc
1017 4221 1069 4275 est
1092 4211 1246 4293 pulvinar

127 4303 268 4381 diaboli;
292 4303 378 4383 sugit
400 4304 664 4367 insinceritatem
681 4313 715 4366 et
738 4302 898 4378 fraudem,
915 4312 950 4366 et
971 4302 1055 4385 sugit
1079 4302 1244 4370 luxuriam

127 4407 160 4460 et
174 4399 471 4479 intemperantiam
484 4419 491 4476 ;
513 4408 565 4460 est
582 4396 728 4473 sedulus,
742 4397 898 4473 sincerus,
909 4397 1049 4474 sobrius,
1063 4407 1244 4463 contentus
