2776 5040
564 515 686 566 runnx
709 516 845 567 auran.
1218 503 1265 568 liii

140 678 375 748 tapetia-Quod
394 696 446 733 non
464 682 552 749 aliquis
569 684 671 749 angelus
687 692 782 735 meatus
797 684 836 746 sit,
852 684 899 737 aed
917 685 1089 752 quodomnes
1107 685 1159 738 nari
1175 684 1265 738 tuerint

275 757 388 808 homines
400 756 570 828 (villellam)
584 759 621 828 (n.
631 773 662 825 23
674 767 719 820 [De
727 770 778 809 Am.
791 769 861 819 cavi,
869 781 891 810 ιι.
901 781 934 821 30,
943 760 998 831 ³¹])·

141 897 349 964 Anima-Quod
365 900 449 950 anima
463 901 570 951 hominis
582 901 614 952 sit
630 902 750 967 recipiens
763 903 853 953 amoris
866 910 891 954 et
905 902 1049 969 apientiae,
1061 904 1096 954 ita
1112 903 1195 970 imago
1213 906 1263 957 Dei

274 976 389 1046 (illrum,
400 987 449 1041 n.5
463 983 507 1038 [De
514 986 566 1026 Aur.
578 985 648 1036 Cotti„
657 998 678 1026 ιι.
690 979 756 1047 1321).

139 1116 340 1182 arton-Quod
352 1118 445 1168 “edere
456 1118 489 1169 de
500 1118 587 1169 arbore
597 1119 713 1169 scientiae
726 1118 786 1169 boni
797 1127 821 1169 et
832 1118 890 1168 mali
898 1120 914 1145 ''
926 1119 957 1169 sit
967 1118 1114 1184 persuadere
1125 1119 1193 1186 quod
1203 1119 1263 1170 velit

272 1204 296 1244 et
310 1196 400 1259 cogitet
413 1195 534 1260 iaciatque
547 1194 640 1245 bonum
653 1211 669 1245 a
681 1210 708 1246 se
721 1203 746 1245 et
759 1211 810 1244 uon
823 1211 839 1244 a
852 1195 917 1255 Deo,
928 1195 964 1245 sic
977 1195 1044 1260 quod
1057 1196 1088 1245 sit
1100 1195 1163 1246 sicot
1176 1196 1259 1255 Deus3

271 1278 396 1321 ostensum
407 1287 439 1321 ex
447 1272 538 1333 Verbo,
550 1280 574 1322 et
586 1271 731 1323 illustratum
744 1272 811 1337 quod
825 1271 1001 1322 antediiuviani
1014 1271 1039 1321 in
1050 1271 1094 1321 illa
1104 1272 1261 1338 persuasione

272 1345 361 1397 tuerint
373 1348 410 1415 (ιι.
421 1362 454 1412 49
466 1353 510 1407 [Da
517 1356 569 1396 Am.
580 1355 650 1405 Corv'..
659 1368 681 1396 ιι.
692 1345 759 1414 ¹³51)-

222 1461 297 1527 Quod
310 1460 403 1527 ejeiius
416 1477 448 1512 ex
461 1461 532 1512 hotto
544 1462 646 1522 Edonis,
659 1476 690 1512 ne
704 1477 734 1511 ex
748 1477 793 1511 suo
810 1476 892 1511 amore
909 1469 1004 1526 saperet
1017 1460 1050 1510 de
1067 1461 1131 1522 Deo,
1144 1461 1180 1510 sic
1193 1459 1259 1509 enim

271 1546 370 1589 aeterna
379 1538 516 1588 damnatio:
534 1553 610 1604 qnare
621 1537 716 1605 [quod]
732 1537 769 1587 illi
781 1538 823 1602 qui
837 1538 862 1586 in
873 1552 956 1587 amore
967 1537 1074 1587 sensuali
1087 1536 1155 1603 loqui
1166 1536 1260 1603 possint

270 1615 301 1664 de
313 1615 378 1676 Deo,
390 1615 435 1665 sed
446 1630 524 1680 usque
534 1630 586 1664 nou
597 1621 734 1679 agnoscunt
745 1614 829 1664 Deum
842 1614 985 1681 (ostensum,
995 1628 1021 1664 ιι.
1031 1611 1084 1682 50).

134 1910 309 1965 Baetim-De
323 1911 463 1962 discrimine
475 1911 538 1961 iuter
550 1911 662 1962 homines
676 1918 700 1962 et
712 1912 776 1961 inter
786 1910 883 1972 bestias,
897 1910 995 1977 aliquar
1018 1919 1043 1962 et
1059 1911 1091 1962 de
1102 1910 1198 1961 tufluxn
1213 1926 1259 1976 per

269 1988 404 2038 naturalem
422 1988 543 2037 mundum
560 1988 586 2037 in
602 1988 700 2049 bustim,
717 1996 741 2037 et
756 2002 801 2053 per
816 1987 966 2054 spiritualem
983 1994 1007 2038 et
1022 1987 1172 2054 superiorem
1189 1987 1257 2053 apud

268 2064 394 2114 hominem
407 2063 443 2133 (n.
454 2073 485 2129 75
497 2071 601 2126 [DeAm.
611 2072 681 2123 ΐοινὶ,
690 2084 711 2113 ιι.
723 2064 789 2132 ¹³⁴1)-

133 2359 358 2423 Cuatum-Quod
375 2359 516 2410 universum
533 2358 629 2409 caelum
646 2367 671 2410 et
686 2374 785 2426 quoque
798 2357 921 2408 infernum
934 2357 1038 2409 formata
1052 2357 1102 2410 sint
1117 2358 1255 2409 secuudum

266 2435 394 2486 varietates
405 2435 494 2485 amoris
508 2434 575 2504 (vide
584 2434 671 2503 Amor)
686 2435 723 2504 (ιι.
731 2448 758 2499 13
769 2441 814 2495 [De
823 2444 875 2484 Aa.
886 2442 956 2493 σιντ,
967 2455 989 2484 ιι.
999 2434 1054 2502 36]).

133 2576 339 2641 Caua-Quod
350 2592 427 2636 amor,
438 2576 481 2642 qui
492 2575 555 2637 finis,
566 2575 734 2641 progrediatur
744 2590 789 2641 per
799 2590 885 2625 oausas
896 2575 928 2624 ad
940 2573 1062 2636 effectum,
1074 2583 1098 2626 et
1111 2575 1145 2625 ad
1158 2575 1254 2626 ulterio-

263 2669 302 2704 res
312 2651 414 2703 effecius
423 2652 541 2718 usquead
551 2652 680 2712 ultimum
694 2660 719 2703 et
730 2652 797 2719 quod
808 2652 867 2702 inde
878 2652 962 2702 redeat
973 2652 1005 2701 ad
1017 2652 1122 2717 primum
1131 2650 1254 2713 mettum,
1294 2714 1297 2719 .

264 2730 309 2875 (ἒὰ
312 2745 365 2873 8131
379 2729 453 2778 aliam
463 2729 538 2790 viam,
550 2737 574 2779 et
590 2729 710 2794 producat
726 2728 860 2793 imaginem
876 2729 973 2789 amoris,
987 2727 1063 2778 instar
1075 2729 1164 2779 amoris
1181 2729 1253 2794 primi

215 2923 275 2974 Hoc
286 2923 431 2973 illustratum
441 2938 486 2988 per
496 2922 622 2987 sanguinis
633 2922 817 2973 circulationem
828 2938 844 2971 a
854 2922 928 2972 corde
939 2938 983 2988 per
994 2923 1091 2972 amerius
1102 2923 1128 2971 in
1136 2938 1220 2985 venas,
1229 2932 1253 2975 et

263 2999 299 3049 sic
311 3008 375 3050 retro
388 2999 414 3048 in
428 3013 486 3059 cor;
506 3007 559 3049 tum
571 3013 616 3064 per
627 2999 753 3065 sanguinis
767 2998 949 3049 circulationem
962 2999 988 3048 in
1001 2999 1152 3064 pulmonem,
1163 3007 1188 3050 et
1200 3001 1253 3065 ejus

263 3075 367 3126 raditum
378 3075 404 3124 iu
416 3088 459 3125 cor
471 3075 508 3142 (ιι.
517 3073 566 3143 81).

214 3193 289 3258 Quod
297 3191 360 3251 finis,
369 3207 449 3252 causa,
459 3200 482 3243 et
491 3189 592 3242 estodus
601 3191 632 3241 sit
642 3191 668 3240 in
678 3190 793 3240 omnibus
801 3198 826 3240 et
833 3191 936 3256 singulis
944 3207 1009 3257 quae
1017 3201 1097 3244 creata
1104 3200 1169 3255 suut,
1178 3194 1251 3245 etiam

262 3269 288 3318 in
300 3268 411 3319 civilibus
422 3276 447 3318 et
457 3267 599 3328 moralibus,
610 3267 677 3317 unde
687 3267 786 3317 moralis
798 3283 842 3317 seu
853 3268 976 3318 rationalis
990 3269 1026 3336 (n.
1035 3268 1089 3338 83).

131 3407 427 3478 Conjttpt‘trm.-Aliquid
437 3408 470 3459 de
481 3407 678 3474 eonjuudiionea
689 3408 811 3458 creatione
820 3406 926 3459 feminae
936 3416 961 3460 et
971 3410 1074 3461 masculi
1088 3409 1156 3478 (viiie
1166 3411 1250 3464 femi·

261 3499 296 3538 na
306 3492 330 3535 et
342 3484 486 3552 narratas)
501 3484 537 3552 (ιι.
548 3483 572 3545 6,
585 3494 608 3547 7,
621 3484 662 3543 26,
674 3484 743 3550 522).

212 3602 287 3668 Quod
299 3601 437 3667 conjugiale
448 3600 560 3652 seminini
571 3609 596 3652 et
608 3601 737 3651 masculini
749 3616 765 3650 a
775 3601 897 3651 creatione
908 3601 1008 3655 insitum
1018 3602 1049 3652 sit
1060 3602 1214 3664 animalibus,
1226 3612 1251 3654 et

260 3693 359 3744 qnoque
372 3678 469 3727 animae
480 3678 632 3743 vegetativae
645 3685 670 3728 et
681 3677 777 3727 animae
790 3677 898 3739 animali,
910 3686 935 3729 et
945 3678 1012 3745 quod
1025 3678 1117 3744 alioqui
1128 3679 1249 3730 desineret

260 3754 367 3804 mundus
375 3770 429 3805 esse
442 3753 510 3822 (mile
520 3754 635 3822 femina)
648 3753 685 3819 (ιι.
695 3763 730 3817 15,
742 3753 790 3819 ro).

210 3873 285 3937 Quod
296 3873 325 3924 sit
337 3872 471 3924 similitudo
482 3872 545 3923 inter
556 3872 672 3937 conjuges
685 3871 726 3940 (de
736 3888 796 3937 qua,
807 3886 832 3921 ιι.
842 3883 876 3921 ao
886 3877 930 3931 [De
938 3880 990 3920 Am.
1000 3879 1071 3930 covt,
1079 3892 1100 3921 ιι.
1110 3893 1156 3931 ιη,
1165 3873 1233 3939 228J).

209 3990 287 4106 Quod¹
296 3991 496 4123 excpzvimntiss
504 3990 606 4039 Domini
618 3990 649 4039 sit
660 3997 686 4039 ut
697 3988 788 4039 similes
799 3989 919 4039 similibus
931 3989 1110 4055 conjungantur
1119 3989 1156 4057 (ιι.
1165 4003 1193 4039 21
1204 3997 1248 4051 [De

289 4077 318 4106 nr.
379 4065 399 4114 '.,
407 4077 428 4105 ιι.
438 4077 475 4116 rap
499 4093 505 4106 .

208 4172 284 4238 Quod
293 4171 408 4238 conjugia
418 4172 466 4223 sint
476 4171 503 4221 in
514 4171 588 4222 caelis
601 4171 714 4238 (ὕων.
725 4187 750 4221 u.
760 4183 801 4232 22,
814 4183 846 4232 24
858 4177 902 4232 [De
909 4179 960 4220 Am.
972 4178 1042 4230 comt,
1051 4191 1072 4220 n.
1083 4169 1179 4238 ay-ar]).

206 4293 284 4358 Quod
294 4292 410 4358 conjugia
419 4292 468 4343 sint
478 4299 533 4359 post
543 4300 663 4353 mortem
678 4307 709 4342 ex
718 4290 828 4356 autopsia
840 4291 877 4358 (ιι.
887 4300 917 4354 25
928 4295 1028 4350 [DeAm.
1039 4297 1109 4349 comt,
1118 4310 1139 4338 n.
1149 4289 1246 4356 ⁴5-u])·

206 4409 283 4476 Quod
294 4426 324 4461 ex
333 4410 453 4475 conjugiis
463 4409 490 4458 iu
501 4407 575 4459 caelis
586 4423 637 4458 ιιοιι
648 4414 779 4457 nascantur
787 4406 850 4457 aliae
861 4406 941 4471 proles
952 4421 1028 4471 quam
1038 4404 1175 4471 spirituales
1182 4418 1246 4471 quae

257 4495 313 4538 sunl
323 4487 383 4537 boni
393 4495 419 4538 ei
429 4486 480 4536 veri
493 4487 607 4554 (illum,
618 4500 643 4535 n.
654 4483 686 4534 26
697 4491 741 4544 [De
748 4491 800 4533 Am.
812 4490 882 4541 Cauri„
891 4502 912 4531 n.
922 4502 955 4540 51,
964 4480 1018 4549 52])·
