2776 5040
548 513 599 565 nn
620 512 852 565 ennarrans.
978 490 985 502 '
1216 515 1258 586 45

136 681 245 746 forma
259 702 308 745 ex
324 681 422 745 variis
437 680 505 745 suis
521 679 682 758 deledtat,
699 690 735 746 ut
759 691 886 746 sertum
909 703 955 746 ex
977 681 1060 747 rosis
1076 682 1259 749 diversico-

135 774 261 839 loribus
279 777 314 839 in
338 777 477 857 pulchra
492 777 577 840 serie
592 777 773 858 dispositis.
819 777 903 840 Inde
919 786 972 842 est
987 777 1077 859 quod
1099 777 1154 840 iris
1177 797 1258 860 prae

134 872 208 952 ipsa
224 870 299 934 luce
315 890 460 935 amoena
482 872 536 935 sit.

200 964 299 1029 Mens
315 966 410 1046 operi
432 967 592 1029 continue
607 967 745 1030 intenta
757 967 861 1048 spirat
877 966 920 1029 ad
936 965 1104 1047 requiem;
1127 975 1163 1030 et
1179 965 1259 1030 dum

134 1058 194 1121 illa
205 1060 395 1141 requiescit,
407 1059 582 1124 descendit
598 1061 631 1122 in
648 1080 778 1141 corpus,
789 1070 825 1123 et
841 1060 885 1123 ibi
897 1060 1026 1141 quaerit
1042 1079 1102 1122 sua
1113 1058 1260 1141 jucunda

134 1154 388 1234 operationibus
417 1155 542 1217 mentis
572 1155 883 1235 correspondentia,
914 1175 999 1236 quae
1030 1173 1126 1217 mens
1162 1152 1260 1235 eligit

134 1248 321 1311 secundum
333 1249 527 1313 interiorem
538 1257 666 1311 statum
682 1249 820 1311 suumin
831 1249 1012 1311 visceribus
1023 1248 1191 1328 corporis;
1208 1247 1258 1310 in·

134 1343 262 1405 teriora
273 1342 422 1423 corporis
435 1343 612 1423 praecipue
624 1342 780 1406 hauriunt
792 1361 853 1405 sua
862 1339 1114 1405 deledlamenta
1123 1361 1169 1404 ex
1181 1360 1259 1404 sen·

133 1436 226 1499 sibus
243 1436 342 1511 visua,
358 1436 502 1509 auditus
519 1432 670 1511 ollactus,
688 1445 807 1517 gustus
825 1445 860 1498 et
884 1432 1005 1509 taCiuS,
1022 1456 1107 1518 quae
1123 1435 1258 1518 quidem

133 1529 334 1593 hauriuntur
355 1530 398 1592 ab
421 1530 583 1604 externis,
607 1530 668 1593 sed
691 1550 795 1612 usque
817 1530 988 1593 insinuant
1011 1549 1047 1591 se
1070 1530 1103 1592 in
1126 1529 1261 1611 singula

134 1625 296 1704 corporis,
310 1643 395 1705 quae
408 1635 573 1687 vocantur
585 1624 737 1695 membra
748 1633 784 1688 et
796 1625 934 1687 viscera.
973 1625 1056 1688 Inde
1068 1634 1104 1688 et
1121 1643 1189 1687 non
1200 1622 1261 1687 ali·

134 1718 226 1781 unde
238 1726 316 1780 sunt
329 1716 394 1781 illis
402 1716 632 1799 jucunditates
645 1728 680 1781 et
692 1718 929 1781 amoenitates.
973 1716 1132 1800 Singulae
1144 1717 1258 1794 fibrae,

133 1821 170 1875 et
194 1810 318 1893 singuli
341 1820 460 1875 textus
482 1812 649 1888 fibrarum,
666 1811 799 1894 singula
821 1833 903 1875 vasa
925 1812 1105 1893 capillaria,
1122 1822 1157 1875 et
1181 1811 1259 1875 inde

133 1926 218 1969 vasa
233 1907 435 1981 communia,
452 1915 487 1969 et
510 1907 556 1969 sic
580 1907 693 1970 omnia
715 1908 844 1970 viscera
866 1908 900 1969 in
923 1907 1102 1980 communi,
1119 1906 1259 1969 trahunt

134 2019 214 2063 suas
237 2000 391 2077 delitias;
414 2020 497 2081 quas
515 2010 595 2063 tunc
614 1999 718 2064 homo
741 2020 808 2063 non
831 2001 937 2064 sentit
958 1999 1181 2080 singulariter,
1198 1999 1260 2063 sed

135 2093 379 2168 universaliter,
395 2094 481 2156 sicut
500 2113 679 2158 commune
696 2114 817 2172 unum;
841 2094 901 2157 sed
919 2087 1010 2157 'sicut
1027 2113 1123 2157 mens
1138 2093 1259 2175 capitis

135 2197 190 2252 est
207 2186 329 2261 inillis,
346 2186 433 2250 tales
449 2196 527 2250 sunt
543 2187 678 2250 delitiae
695 2208 796 2269 purae
812 2196 870 2250 aut
892 2188 1052 2268 impurae,
1069 2186 1259 2266 spirituales

134 2290 196 2345 aut
212 2278 393 2355 naturales,
410 2279 579 2344 coelestes
594 2292 652 2344 aut
668 2281 866 2358 infernales3
890 2300 968 2343 nam
985 2281 1076 2343 intus
1091 2281 1124 2343 in
1141 2281 1259 2362 quavis

135 2375 331 2438 sensatione
344 2374 492 2454 corporis
504 2383 557 2438 est
573 2394 668 2438 amor
680 2375 865 2439 voluntatis
877 2375 947 2456 ejus
964 2394 1039 2438 cum
1053 2376 1119 2437 suis
1131 2371 1258 2438 affecti·

134 2468 277 2544 onibus;
300 2487 339 2530 ac
356 2465 549 2531 intelledtus
564 2469 643 2532 facit
666 2471 837 2549 percipere
855 2468 986 2533 illarum
1003 2468 1156 2546 delitias;
1180 2487 1258 2532 nam

134 2581 232 2627 amor
247 2560 433 2624 voluntatis
449 2582 525 2625 cum
541 2561 611 2643 ejus
627 2560 857 2627 affedtionibus
879 2563 959 2628 lacit
982 2564 1087 2626 vitam
1104 2561 1257 2644 cujusvis,

134 2667 171 2720 et
187 2655 363 2737 perceptio
379 2653 571 2719 intelledius
587 2657 665 2720 inde
681 2657 759 2721 facit
779 2659 1028 2736 sensationem;
1051 2658 1129 2720 inde
1145 2656 1259 2720 omnia

129 2750 281 2832 jucunda
295 2758 330 2812 et
347 2749 521 2813 amoena*

199 2841 268 2907 Sed
284 2844 362 2925 quia
377 2844 571 2919 ministeria,
588 2842 786 2919 functiones,
803 2845 923 2922 officia,
940 2856 975 2909 et
998 2865 1100 2925 opera
1115 2843 1259 2925 cujusvis

134 2947 257 3002 tenent
273 2947 407 3000 mentes
429 2939 589 3014 intentas,
606 2950 641 3002 et
657 2940 721 3004 hae
742 2948 820 3003 sunt
836 2960 922 3021 quae
935 2959 993 3020 per
1008 2939 1190 3001 diversoria
1204 2957 1257 3000 re·

134 3031 316 3105 laxandae,
333 3030 579 3107 refocillandae,
593 3043 628 3096 et
651 3033 900 3115 recuperandae
917 3042 1005 3106 sunt,
1022 3032 1126 3095 videri
1143 3040 1258 3112 potest

135 3126 227 3209 quod
250 3126 381 3188 varient
404 3125 585 3188 diversoria
614 3147 658 3190 ex
682 3128 839 3191 interiore
862 3124 1037 3189 affeetione
1060 3126 1094 3187 in
1123 3125 1198 3199 illis,
1222 3134 1258 3189 et

135 3220 226 3302 quod
243 3217 308 3280 alia
324 3219 390 3282 sint
407 3219 433 3281 si
448 3220 481 3281 in
504 3218 569 3282 illis
584 3218 716 3284 affedlio
731 3221 907 3285 charitatis
922 3229 985 3292 est,
1002 3218 1068 3282 alia
1088 3219 1115 3280 si
1137 3219 1170 3280 in
1193 3218 1259 3282 illis

134 3308 269 3377 affectio
284 3310 387 3375 solius
402 3313 548 3387 honoris,
562 3313 628 3376 alia
642 3316 669 3377 si
685 3313 816 3378 affectio
832 3315 934 3379 solius
958 3312 1049 3387 lucri,
1066 3311 1133 3375 alia
1154 3312 1182 3375 si
1202 3332 1258 3375 so·

135 3408 205 3470 lum
229 3404 396 3469 obeuntur
418 3417 556 3489 propter
578 3405 703 3472 victum
727 3418 762 3473 et
787 3411 1008 3473 necessitates
1025 3408 1126 3481 vitae,
1143 3404 1209 3469 alia
1231 3406 1259 3469 si

135 3501 246 3565 solum
264 3509 401 3580 propter
417 3519 539 3564 nomen
564 3513 600 3566 ut
616 3503 839 3577 celebrentur,
856 3513 914 3565 aut
937 3504 964 3565 si
987 3502 1095 3565 solum
1120 3508 1259 3583 propter

136 3595 267 3668 salaria,
285 3603 321 3656 ut
345 3595 476 3674 possint
492 3595 656 3658 ditescere
678 3617 770 3678 opes,
794 3596 848 3659 vel
871 3606 908 3659 ut
932 3596 1061 3677 possint
1084 3596 1186 3676 genio
1208 3593 1257 3656 vi·

135 3709 236 3766 vere;
260 3696 295 3750 et
311 3685 388 3770 [sic]
406 3708 515 3770 porro.

199 3780 235 3846 Si
258 3782 292 3845 in
310 3779 411 3845 [villis
427 3780 560 3847 affeCiio
575 3785 748 3847 charitatis
764 3793 827 3858 est,
845 3793 925 3848 tunc
942 3783 1054 3846 omnia
1070 3801 1169 3862 supra
1185 3801 1257 3845 me·

136 3885 269 3939 morata
284 3885 362 3938 sunt
378 3877 408 3938 ei
424 3895 484 3955 pro
497 3879 703 3940 recreatione
716 3899 724 3955 ;
748 3878 850 3941 etiam
863 3875 1055 3958 spedtacula
1071 3886 1106 3940 et
1123 3875 1256 3951 lusoria,

136 3980 271 4051 praeter
286 3968 481 4033 harmonica
496 3971 640 4034 musices
655 3981 690 4033 et
707 3980 837 4046 cantus,
851 3981 885 4034 et
903 3970 1166 4052 pulchritudines
1182 3989 1256 4033 om·

137 4083 196 4126 nes
212 4064 246 4125 in
259 4063 387 4144 campis
403 4072 438 4126 et
455 4063 572 4138 hortis,
589 4073 623 4128 et
641 4065 673 4127 in
690 4085 814 4147 genere
831 4065 1114 4128 conversationes.
1159 4064 1257 4127 lntus

136 4158 168 4218 in
184 4156 250 4219 illis
266 4166 382 4220 manet
397 4153 529 4221 affectio
541 4178 629 4233 usus,
643 4178 727 4241 quae
744 4158 823 4221 dum
839 4159 885 4221 sic
902 4158 1054 4240 quiescit,
1068 4158 1256 4221 successive

200 4334 218 4365 θ
237 4332 334 4400 [Non
346 4344 383 4381 εκ
396 4333 532 4382 Masculus
545 4333 834 4400 smlsmtn:]-Corpus
846 4333 914 4382 enim
927 4343 964 4383 est
981 4348 1044 4398 opus
1057 4339 1256 4391 concatenatum,

138 4407 161 4448 et
179 4398 262 4449 forma
278 4414 343 4458 una;
367 4399 477 4448 sensatio
494 4400 663 4448 communicat
684 4415 711 4449 se
728 4401 793 4449 sicut
809 4399 848 4448 vis
868 4400 938 4450 illata
955 4409 1058 4449 catenae
1076 4413 1133 4447 cum
1150 4396 1257 4462 singulis

138 4465 217 4526 uncis,
228 4480 258 4516 ae
270 4465 335 4515 sicut
346 4464 429 4514 torma
439 4480 504 4531 quae
516 4480 549 4514 ex
559 4466 688 4531 perpetuis
699 4466 795 4516 catenis
807 4465 914 4517 conflata
925 4475 970 4517 est.
