2776 5040
132 457 176 508 20
409 457 587 510 CANONES
609 458 740 514 Novas
762 456 980 509 ECCLESIAE.

344 628 471 692 mentis
496 627 677 704 humanae,
701 637 737 693 et
761 627 841 692 inde
867 628 901 692 in
927 627 1142 710 agnitionem
1166 624 1245 710 apud

344 742 465 787 omnes
477 725 567 806 apud
579 745 664 807 quos
676 733 730 788 est
743 724 863 806 religio
875 731 911 787 et
923 742 1008 787 sana
1019 723 1119 787 ratio.
1155 720 1246 804 Quod

345 818 450 881 etiam
470 817 587 882 influat
606 819 697 901 apud
716 817 793 881 illos
810 818 899 901 apud
918 837 1005 901 quos
1023 836 1094 881 non
1113 826 1167 881 est
1181 815 1248 880 reli·

344 911 414 994 gio,
430 912 492 976 sed
508 913 599 994 quod
615 913 706 995 apud
721 911 786 976 hos
802 932 872 976 non
888 912 933 976 sit
947 912 1115 995 receptio,
1128 921 1165 976 et
1179 911 1249 975 inde

347 1025 416 1070 non
434 1007 578 1088 agnitio.

197 1124 226 1194 3.
258 1107 361 1193 Quod
377 1110 471 1175 Deus
486 1113 532 1176 sit
548 1112 779 1195 omnipotens,
796 1112 992 1188 omniscius,
1008 1120 1046 1175 et
1064 1111 1252 1195 omniprae-

345 1225 435 1282 sens‚
456 1205 563 1271 homo
580 1226 617 1271 se
636 1205 838 1270 confirmare
858 1214 977 1288 potest
999 1226 1045 1269 ex
1064 1206 1253 1270 innumera·

345 1298 432 1364 libus
450 1321 538 1384 quae
561 1303 704 1366 rationis
727 1310 763 1365 et
787 1299 887 1365 simul
910 1300 1087 1384 religionis
1110 1311 1201 1377 sunt,
1220 1309 1254 1363 ut

345 1415 392 1460 ex
411 1397 634 1479 sequentibus
652 1397 704 1460 his
717 1417 770 1460 :-

428 1567 459 1630 4
489 1549 656 1627 Pramum,
681 1548 784 1634 Quod
801 1549 894 1615 solus
910 1549 1005 1615 Deus
1017 1551 1062 1615 sit
1079 1560 1115 1615 et
1129 1551 1256 1616 existat

560 1646 594 1708 in
613 1645 678 1725 Se;
702 1655 737 1710 et
756 1646 848 1729 quod
868 1647 979 1710 omnis
997 1645 1084 1710 aiius
1101 1656 1140 1711 et
1159 1665 1257 1711 omne

560 1740 651 1803 aliud
671 1762 717 1805 ex
731 1740 822 1824 Ipso.

432 1858 461 1926 5.
493 1843 688 1920 Secundum,
713 1843 816 1927 Quod
840 1844 933 1909 soius
957 1844 1051 1909 Deus
1074 1854 1181 1919 amet,
1205 1865 1257 1908 sa·

561 1941 644 2023 piat,
661 1949 697 2004 et
713 1942 819 2016 vivat,
836 1950 873 2004 et
889 1948 971 2022 agat
987 1959 1008 2003 a
1026 1938 1092 2017 Se;
1116 1949 1154 2004 et
1171 1939 1258 2022 quod

561 2037 673 2098 omnis
692 2035 777 2099 alius
795 2045 832 2099 et
851 2054 954 2098 omne
972 2032 1065 2097 aliud
1084 2055 1131 2098 ex
1152 2034 1242 2118 ipso.

430 2139 461 2204 6.
499 2139 657 2217 Tertium,
682 2137 784 2223 Quod
803 2138 897 2203 solus
916 2138 1010 2202 Deus
1026 2139 1137 2222 possit
1156 2160 1178 2202 a
1196 2138 1259 2218 Se;

562 2244 597 2299 et
621 2235 712 2318 quod
735 2236 847 2298 omnis
870 2232 955 2297 alius
981 2243 1018 2298 et
1041 2253 1146 2297 omne
1170 2234 1260 2299 aliud

560 2330 604 2393 ab
623 2331 712 2412 Ipso.

430 2449 460 2516 7.
494 2433 745 2517 Consequenter,
771 2432 872 2516 Quod
895 2433 988 2497 Deus
1007 2433 1052 2496 sit
1070 2434 1190 2497 anima
1208 2445 1261 2498 to·

561 2531 648 2605 tius;
675 2550 721 2592 ex
745 2550 810 2611 qua
830 2548 949 2591 omnes
973 2537 1008 2591 et
1031 2529 1150 2591 omnia
1170 2539 1261 2603 sunt,

561 2626 690 2699 vivunt,
711 2635 746 2688 et
767 2634 958 2687 moventur.

200 2813 228 2874 8.
261 2808 362 2892 Quod
388 2810 450 2873 nisi
474 2794 588 2872 o'mnia
611 2818 646 2871 et
671 2807 804 2890 singula
827 2809 861 2870 in
885 2808 1013 2870 mundo
1036 2817 1072 2872 et
1101 2808 1204 2872 caelo
1228 2831 1264 2872 se

346 2904 510 2968 referrent
535 2905 578 2966 ad
602 2903 729 2977 Unum,
754 2905 810 2985 qui
834 2913 898 2977 est,
919 2904 1013 2976 vivit,
1039 2913 1074 2967 et
1099 2914 1266 2986 potesta

347 2999 402 3074 Se,
424 3000 615 3062 universum
636 3008 814 3061 momento
833 2997 1065 3079 dissiparetur.

198 3114 228 3179 9.
260 3093 361 3177 Quod
386 3095 464 3158 inde
484 3095 675 3157 universum
699 3113 718 3156 a
743 3093 818 3156 Deo
837 3103 990 3156 creatum
1010 3093 1055 3154 sit
1079 3092 1266 3174 plenitudo

348 3191 422 3254 Dei.
468 3187 581 3271 Quare
602 3188 680 3270 Ipse
699 3188 889 3271 dicitquod
908 3188 953 3250 sit

414 3343 542 3393 “Primus
556 3352 583 3392 et
598 3339 740 3400 Ultimus‚''
754 3343 768 3365 ¹⁸
776 3339 939 3402 Principium
954 3348 981 3389 et
994 3339 1094 3399 Finis,”
1107 3340 1228 3471 “Alphe
1240 3351 1269 3392 et

479 3407 608 3471 Omega,”
618 3408 692 3471 “Qui
704 3407 761 3466 fuit,
774 3417 823 3466 est,
835 3416 861 3456 et
873 3407 931 3465 erit,
944 3405 1127 3469 Omnipotens
1134 3406 1149 3426 ”
1161 3407 1172 3468 (

1186 3409 1268 3472 Apoc.

480 3476 497 3525 i.
510 3476 533 3533 8,
547 3471 608 3538 11]).

182 3648 230 3696 10.
262 3630 364 3713 Quod
388 3629 606 3694 conservatio
629 3627 785 3702 universi,
799 3647 885 3709 quae
905 3634 958 3690 est
979 3634 1146 3709 perpetua
1166 3646 1267 3691 crea·

349 3727 409 3801 tio,
427 3727 471 3788 sit
491 3725 629 3807 plenum
645 3723 879 3787 testimonium
897 3723 986 3804 quod
1007 3721 1101 3784 Deus
1120 3722 1168 3786 sit
1189 3743 1267 3787 orn-

348 3821 520 3902 nipotens,
541 3818 735 3891 omniscius,
756 3826 792 3880 et
811 3818 1078 3897 omnipraesens.

181 3941 229 3990 11.
263 3923 364 4007 Quod
381 3924 551 4007 opposita,
569 3943 655 4006 quae
674 3930 753 3985 sunt
770 3920 871 3994 mala,
889 3941 957 3984 non
971 3916 1169 3984 ¹¹¹tollantur
1185 3924 1268 4006 quia

350 4020 444 4084 Deus
467 4020 510 4081 sit
535 4019 764 4099 omnipotens,
789 4017 983 4090 omniscius,
1004 4024 1039 4079 et
1064 4018 1266 4099 omniprae-

349 4134 447 4190 sens;
479 4114 556 4195 quia
580 4112 670 4175 mala
693 4122 772 4175 sunt
792 4120 892 4175 extra
916 4107 1078 4191 subjedta,
1096 4120 1132 4173 et
1158 4123 1267 4178 extra

347 4218 474 4285 creata,
497 4218 531 4271 et
557 4228 624 4270 non
648 4215 832 4290 penetrant
851 4207 895 4270 ad
919 4204 1043 4268 Divina
1065 4225 1153 4288 quae
1178 4220 1264 4272 sunt

348 4302 447 4366 intra.
