2776 5040
549 490 600 543 ns
621 489 853 543 cunnum.
1219 497 1260 564 33

132 663 199 729 nisi
223 670 392 745 perpetuo
408 660 510 726 saciat
532 660 659 724 bonum
674 679 753 723 usus
768 680 814 723 ex
836 657 1013 724 affedtione
1029 670 1065 725 et
1089 657 1187 745 [ejus]
1207 660 1261 745 ju·

132 758 270 836 cund03
297 777 401 839 quare
416 756 496 819 dum
519 754 622 818 homo
645 754 784 830 sincere,
796 753 898 836 juste,
915 751 1060 819 fideliter
1075 756 1147 838 agit
1164 775 1260 839 opus,

134 852 229 935 quod
241 849 313 933 ejus
323 849 423 914 officii
434 858 493 912 aut
503 850 649 912 muneris
660 857 724 924 est,
735 868 781 911 ex
791 844 966 911 assertione
976 858 1012 913 et
1021 847 1169 929 jucundo
1178 848 1260 933 ejus,

136 956 192 1010 est
215 945 398 1009 continuus
419 944 452 1006 in
475 943 567 1006 bono
589 963 677 1018 usus,
694 962 763 1006 non
785 942 889 1005 modo
909 961 991 1024 erga
1006 962 1185 1008 commune
1202 965 1262 1009 seu

135 1038 310 1122 publicum
318 1038 378 1101 sed
386 1039 489 1101 etiam
497 1055 579 1119 erga
587 1036 804 1118 particulares
813 1046 849 1099 et
859 1036 1030 1116 privat0s;
1046 1037 1106 1100 sed
1116 1038 1181 1102 hoc
1191 1058 1261 1104 non

135 1144 254 1216 potest
271 1133 334 1195 nisi
349 1129 482 1213 spettet
497 1130 540 1194 ad
557 1130 740 1194 Dominum
754 1140 791 1194 et
806 1129 912 1212 fugiat
933 1130 1022 1194 mala
1037 1140 1074 1195 ut
1097 1143 1259 1213 peccata;

136 1246 228 1303 narn,
245 1237 282 1290 ut
299 1246 398 1308 supra
413 1236 588 1289 ostensum
604 1235 668 1299 est,
685 1226 828 1306 primum
844 1224 1019 1289 charitatis
1034 1235 1088 1289 est
1106 1224 1260 1308 sped'tare

136 1322 179 1386 ad
192 1321 378 1385 Dominum
391 1329 427 1384 et
438 1320 553 1402 fugere
563 1318 652 1382 mala
664 1328 701 1382 ut
714 1329 856 1401 peccata
869 1317 916 1401 (n.
925 1318 983 1402 —)
997 1340 1006 1399 ς
1026 1329 1062 1384 et
1074 1322 1260 1386 secundum

137 1415 315 1480 charitatis
338 1423 391 1478 est
413 1414 523 1477 facere
545 1413 655 1491 bona;
685 1424 721 1477 et
743 1413 833 1477 bona
855 1434 941 1496 quae
962 1413 1043 1477 facit
1065 1424 1144 1479 sunt
1170 1415 1261 1481 bona
1373 1446 1376 1453 ⁴

138 1531 228 1584 usus,
240 1529 327 1591 quae
338 1509 418 1572 facit
430 1508 549 1591 quovis
560 1508 635 1586 die;
656 1517 692 1570 et
705 1508 785 1571 dum
798 1527 866 1570 non
878 1508 969 1584 facit,
983 1509 1114 1589 cogitat
1129 1509 1259 1590 sacere3

138 1614 190 1668 est
206 1604 348 1667 interior
361 1599 494 1666 affefflo
510 1622 595 1684 quae
611 1611 727 1665 manet
750 1603 899 1677 interius,
916 1612 951 1666 et
974 1602 1144 1667 desiderat
1167 1602 1259 1668 illud.

138 1698 223 1762 Inde
239 1707 303 1771 est,
319 1697 410 1779 quod
433 1706 597 1778 perpetuo
612 1697 656 1761 sit
678 1697 711 1759 in
734 1696 825 1759 bono
848 1717 936 1772 usus,
959 1717 980 1760 a
1001 1714 1100 1761 mane
1123 1698 1167 1761 ad
1182 1719 1259 1762 ves·

138 1811 266 1875 peram,
290 1791 334 1854 ab
356 1810 446 1853 anno
468 1791 502 1853 in
524 1808 660 1865 annum,
683 1791 726 1853 ab
749 1792 856 1871 prima
877 1800 993 1854 aetate
1015 1791 1059 1855 ad
1085 1789 1186 1856 finem
1209 1793 1259 1858 vi·

137 1897 204 1950 tae.
250 1885 365 1949 Aliter
382 1904 451 1948 non
474 1893 590 1965 potest
613 1882 682 1947 fieri
705 1884 880 1948 charitatis
902 1884 1020 1961 forma,
1043 1885 1109 1950 hoc
1132 1896 1186 1953 est
1208 1908 1260 1953 re·

138 1979 364 2062 ceptacuium.
488 2054 490 2059 k

200 2074 233 2137 N
237 2093 301 2138 unc
324 2074 454 2137 dicetur
469 2062 512 2136 de
527 2072 694 2136 charitate
709 2073 798 2154 apud
822 2071 1054 2149 Sacerdotem,
1071 2074 1159 2156 apud
1183 2074 1257 2140 Ma-

138 2170 331 2252 gistratum,
348 2178 384 2231 et
406 2167 495 2248 apud
511 2165 688 2230 officiarios
703 2167 765 2230 sub
788 2167 863 2243 illis,
880 2167 968 2249 apud
989 2167 1152 2249 Judicem,
1168 2170 1258 2251 apud
1321 2228 1327 2242 ,

138 2264 271 2328 Ducem
293 2262 475 2336 exercitus,
492 2270 528 2325 et
550 2261 639 2342 apud
662 2260 851 2342 praefectos
872 2261 935 2325 sub
957 2260 1032 2337 illis,
1049 2262 1153 2327 etiam
1169 2264 1257 2345 apud

138 2357 282 2421 militem
308 2356 510 2438 gregarium,
537 2355 626 2436 apud
653 2356 914 2436 negotiatorem,
942 2355 1031 2438 apud
1056 2358 1256 2439 operarium,

138 2451 227 2533 apud
243 2450 413 2524 colonum,
429 2450 518 2531 apud
534 2449 727 2513 nauclerum
743 2459 779 2514 et
795 2460 944 2527 nautam,
961 2449 1050 2533 apud
1065 2450 1218 2517 famulos.

140 2663 192 2733 [1.]
219 2661 338 2716 chorda
349 2662 420 2730 apud
435 2662 605 2716 Sacerdotem.

200 2793 238 2860 Si
249 2792 383 2877 spedtat
398 2795 442 2858 ad
458 2794 641 2858 Dominum
657 2804 692 2859 et
708 2794 793 2877 sugit
806 2795 896 2860 mala
910 2807 947 2862 ut
963 2809 1115 2880 peccata,
1128 2799 1257 2867 etfacit

138 2892 279 2965 sincere,
295 2889 385 2971 juste
398 2899 433 2953 et
449 2887 592 2952 fideliter
604 2908 688 2970 opus
704 2891 878 2954 ministerii
893 2892 924 2955 ei
939 2890 1086 2974 injundti,
1099 2893 1179 2959 facit
1195 2895 1256 2958 bo·

138 3005 219 3050 num
236 3004 315 3047 usus
329 2983 499 3057 continue,
515 2992 551 3046 et
573 2981 611 3047 fit
627 2983 774 3047 charitas
788 2985 822 3047 in
837 2984 953 3049 forma.
997 2985 1065 3051 Sed
1081 2997 1161 3052 tunc
1178 2987 1258 3054 iacit

138 3080 265 3143 bonurn
289 3097 367 3140 usus
389 3097 448 3140 seu
463 3096 548 3158 opus
571 3077 745 3141 ministerii
766 3079 906 3154 sincere,
926 3077 1015 3161 juste
1037 3089 1074 3144 et
1102 3078 1256 3159 fideliter,

138 3173 219 3236 dum
231 3169 336 3234 afficit
351 3170 445 3233 illum
457 3171 546 3234 salus
561 3171 767 3248 animarum;
783 3181 819 3235 et
834 3173 921 3237 sicut
936 3174 1020 3238 haec
1032 3174 1136 3240 afficit
1151 3175 1256 3253 illum,

138 3267 188 3330 ita
202 3263 354 3328 afficiunt
377 3264 470 3328 illurn
486 3285 576 3339 vera,
593 3265 670 3346 quia
691 3283 751 3346 per
765 3264 822 3329 illa
845 3267 946 3332 ducet
969 3269 1097 3331 animas
1112 3269 1156 3332 ad
1178 3289 1258 3335 coe·

139 3359 231 3438 lum,
247 3369 283 3422 et
306 3369 386 3423 tunc
410 3359 502 3422 ducit
525 3359 654 3423 animas
670 3379 729 3440 per
744 3380 824 3423 vera
838 3360 881 3423 ad
905 3361 1048 3437 coelum,
1065 3382 1141 3426 cum
1163 3363 1258 3430 ducit

140 3453 215 3518 illas
231 3453 275 3517 ad
298 3452 491 3516 Dominum.
535 3451 646 3516 Amor
661 3451 731 3533 ejus
754 3462 834 3517 tunc
853 3463 907 3517 est
922 3454 1040 3520 sedulo
1055 3456 1178 3521 docere
1200 3456 1259 3523 illa

139 3568 184 3611 ex
201 3545 329 3621 Verbo,
346 3548 422 3629 quia
437 3547 516 3609 dum
532 3546 635 3611 docet
657 3545 714 3609 illa
729 3567 775 3610 ex
791 3545 907 3611 Verbo
922 3549 1024 3613 docet
1046 3549 1104 3613 illa
1118 3571 1163 3614 ex
1185 3551 1258 3615 Do·

140 3642 243 3705 mino.
287 3638 454 3704 Dominus
469 3640 559 3703 enim
574 3659 643 3703 non
666 3640 769 3704 modo
784 3651 838 3705 est
854 3640 1005 3706 Verbum
1024 3642 1119 3725 (Jot.
1135 3645 1166 3720 i,
1186 3661 1213 3720 1,
1226 3661 1257 3722 2,

145 3734 209 3818 14),
233 3733 419 3798 sedetiam
441 3744 495 3798 est
518 3732 594 3812 Via,
610 3733 748 3799 Veritas
770 3744 805 3798 et
828 3734 912 3798 Vita
936 3734 1043 3818 (Joh,
1059 3738 1139 3814 xiv„
1154 3737 1203 3821 6),
1221 3750 1258 3805 et

142 3839 195 3893 est
208 3828 335 3911 Janua3
359 3847 460 3909 quare
483 3828 542 3909 qui¹
561 3847 620 3908 per
635 3827 819 3891 Dominum
837 3838 874 3892 ut
893 3827 1029 3910 januam
1044 3831 1088 3895 ad
1103 3833 1191 3897 ovile
1206 3834 1258 3898 in·

143 3931 221 3997 trat,
238 3930 291 3985 est
309 3930 427 4002 pastor
441 3920 568 3998 bonus;
591 3922 699 4004 atqui
715 3941 782 3985 non
798 3942 858 4004 per
874 3923 1056 3987 Dominum
1073 3935 1109 3989 ut
1120 3923 1258 4006 januam

143 4014 185 4078 ad
200 4013 289 4078 ovile
305 4015 421 4090 intrat,
436 4015 465 4078 is
480 4024 533 4080 est
552 4025 669 4098 pastor
684 4014 803 4091 malus,
819 4017 875 4099 qui
890 4028 1030 4082 vocatur
1046 4018 1146 4084 iuret
1170 4018 1259 4085 latro

148 4106 252 4188 (Joln
269 4129 315 4183 x,
335 4107 420 4191 ro).

153 4301 203 4370 [2.]
228 4302 428 4371 cumitotupud
442 4302 618 4372 unairtrutua.

209 4433 270 4499 Per
294 4435 512 4518 magistratus
537 4433 772 4518 intelliguntur
792 4437 939 4520 supremi
963 4436 998 4501 in
1024 4435 1164 4522 Regnis,
1188 4436 1258 4504 Re·
