2776 5040
494 516 546 570 na
567 514 854 568 naoaumonu.
1193 512 1234 579 39

183 699 212 769 5.
243 682 344 768 Quod
358 683 434 750 finis
448 685 599 749 omnium
615 685 847 749 tentationum
862 681 1083 766 spiritualium
1099 681 1144 744 sit
1156 701 1232 763 per·

330 780 483 845 domatio
506 779 586 844 mali
609 789 644 843 et
667 778 751 854 salsi,
771 778 819 841 ita
842 797 976 860 quoque
998 776 1136 854 insemi;
1160 784 1232 839 tum

329 873 428 937 simul
441 874 655 957 perdomatio
667 873 802 936 externi
818 871 975 946 hominis,
989 871 1022 933 in
1032 869 1127 933 illurn
1143 870 1232 933 enim

329 966 420 1031 mala
438 977 474 1031 et
489 966 573 1030 falsa
592 988 637 1030 ex
655 967 786 1029 inferno
804 964 956 1028 influunt.
1001 963 1128 1046 Agitur
1143 964 1233 1027 enim

330 1062 364 1124 in
382 1062 630 1128 tentationibus
649 1061 692 1124 de
715 1060 866 1123 dominio
884 1057 965 1121 mali
981 1057 1232 1140 superbonum,

329 1165 366 1219 et
394 1155 529 1219 externi
559 1154 705 1218 hominis
734 1173 834 1236 super
862 1153 1053 1229 internum;
1087 1171 1190 1233 quare
1214 1171 1234 1214 a

330 1248 423 1330 cujus
442 1259 538 1330 parte
557 1258 628 1312 stat
645 1246 795 1322 victoria,
813 1246 856 1310 ab
874 1246 963 1310 illius
984 1244 1109 1328 [parte]
1129 1247 1234 1309 etiam

330 1353 402 1407 stat
421 1343 620 1406 dominatio.
666 1342 755 1405 Dum
774 1343 888 1424 itaque
911 1362 931 1403 a
950 1349 1046 1422 parte
1065 1340 1145 1403 boni
1164 1349 1234 1402 stat

331 1434 617 1513 victoria,bonum
628 1446 775 1518 occupat
787 1435 972 1499 dominium
984 1455 1084 1517 super
1095 1433 1233 1508 malurn,

332 1540 367 1595 et
383 1550 517 1613 quoque
530 1531 684 1594 internus
700 1529 805 1592 homo
823 1549 923 1611 super
938 1538 1130 1592 externum.

184 1625 214 1688 6.
247 1622 345 1705 Quod
366 1624 532 1688 Dominus
550 1626 760 1688 tentationes
779 1622 854 1687 illas
873 1643 894 1686 a
912 1623 1053 1705 pueritia
1070 1621 1236 1704 usquead

332 1718 487 1782 ultimam
510 1719 600 1782 vitae
627 1739 707 1782 suae
729 1728 880 1781 aetatem
903 1738 1022 1800 passus
1045 1718 1101 1790 sit,
1123 1725 1161 1779 et
1187 1717 1234 1778 sic

333 1814 523 1877 successive
554 1812 683 1876 inlerna
712 1804 953 1894 subjugaverit,
977 1821 1012 1875 et
1046 1810 1236 1874 successive

334 1906 530 1970 Humanum
540 1926 636 1970 suum
647 1905 906 1989 glorificaverit;
926 1915 961 1969 et
971 1905 1063 1989 quod
1072 1906 1105 1967 in
1117 1903 1237 1968 ultima

334 2002 527 2065 tentatione
543 2021 643 2083 super
655 2019 801 2076 crucem,
813 2021 900 2083 quae
919 1998 980 2064 fuit
992 1998 1142 2062 omnium
1158 2017 1235 2079 gra·

332 2094 480 2168 vissima,
490 2094 589 2177 plene
599 2095 718 2158 vicerit
730 2093 869 2169 inferna,
880 2113 920 2157 ac
933 2093 1127 2156 Humanum
1141 2110 1236 2154 suum

335 2188 495 2252 Divinum
514 2188 640 2253 lecerit.

187 2300 217 2365 7.
251 2281 350 2364 Quod
374 2282 540 2347 Dominus
563 2284 765 2365 pugnaverit
788 2302 865 2346 cum
888 2282 1024 2346 infernis
1047 2291 1082 2345 et
1105 2301 1237 2363 quoque

335 2389 456 2441 contra
485 2375 569 2440 salsa
599 2387 634 2441 et
668 2376 759 2440 mala
789 2376 965 2441 Ecclesiae
997 2376 1169 2456 Judaicae,
1201 2385 1237 2437 ut

335 2472 443 2553 ipsum
468 2469 627 2534 Divinum
645 2470 772 2534 Verum
796 2491 855 2535 seu
871 2470 1034 2545 Verbum,
1051 2470 1141 2552 quod
1160 2468 1238 2550 lpse

335 2565 394 2627 luit
407 2584 414 2627 :
438 2574 473 2628 et
486 2565 576 2646 quod
589 2584 708 2646 passus
720 2565 764 2628 sit
776 2563 820 2628 Se
832 2564 1013 2646 reprobari,
1025 2562 1238 2627 contumeliis

335 2657 433 2733 affici,
457 2668 492 2722 et
516 2659 639 2734 necari,
659 2658 746 2721 sicut
773 2668 854 2722 tunc
882 2656 1028 2721 ecclesia
1053 2657 1132 2720 iecit
1162 2675 1237 2719 curn

336 2750 463 2816 Verbo.
503 2751 588 2815 Tale
605 2752 849 2835 propemodum
861 2749 985 2815 sactum
998 2761 1052 2815 est
1067 2769 1144 2814 cum
1160 2770 1238 2832 pro·

337 2846 460 2927 phetis,
477 2847 555 2928 quia
570 2855 911 2928 repraesentaverunt
928 2846 1111 2909 Dominum
1128 2844 1239 2927 quoad

339 2938 511 3018 Verbum;
542 2940 683 3023 proinde
707 2960 782 3004 cum
808 2940 968 3015 Domino,
995 2940 1051 3021 qui
1076 2938 1137 3003 iuit
1162 2938 1240 3020 lpse

339 3032 519 3114 Propheta,
537 3035 614 3116 quia
636 3034 745 3116 ipsum
768 3032 931 3097 Verbum.
977 3031 1077 3114 Quod
1100 3034 1149 3097 ita
1172 3033 1239 3097 lac·

338 3137 410 3191 tum
427 3129 482 3203 sit,
499 3128 559 3191 suit
578 3129 764 3192 secundum
784 3127 944 3191 Divinum
962 3126 1147 3191 ordinem*

193 3222 221 3285 8.
256 3220 355 3302 Quod
382 3223 497 3304 imago
519 3220 733 3287 victoriarum
757 3222 894 3286 Domini
923 3243 1023 3305 super
1045 3222 1185 3297 inferna,
1205 3234 1239 3286 et

339 3315 595 3397 glorificationis
619 3316 768 3379 Humani
792 3316 911 3399 ipsius,
935 3336 995 3399 per
1017 3318 1241 3390 tentationes,

338 3411 480 3473 sistatur
501 3411 535 3473 in
558 3411 816 3492 regeneratione
845 3409 1014 3487 hominis;
1048 3431 1127 3475 nam
1153 3413 1241 3475 sicut

340 3503 507 3567 Dominus
536 3504 730 3586 subjugavit
755 3503 894 3578 inferna,
914 3513 949 3567 et
977 3503 1136 3567 Divinum
1161 3504 1242 3569 iecit

341 3595 537 3660 Humanum
562 3616 669 3672 suum,
693 3598 742 3661 ita
772 3597 861 3679 apud
888 3597 1060 3662 hominem
1084 3598 1242 3681 subjugat

340 3689 409 3765 illa,
430 3700 465 3754 et
484 3689 563 3754 lacit
582 3710 658 3754 eum
675 3690 896 3773 spiritualem,
910 3701 946 3755 et
961 3693 1008 3755 sic
1026 3703 1216 3774 regenerat.

194 3800 224 3864 9.
255 3782 385 3848 Notum
404 3793 458 3847 est
475 3783 566 3866 quod
586 3784 752 3848 Dominus
770 3787 891 3867 eripiat
909 3785 1082 3850 hominem
1101 3807 1121 3850 a
1140 3787 1241 3851 sauci·

341 3878 403 3941 bus
422 3878 567 3954 Diaboli,
585 3878 650 3942 hoc
671 3889 735 3954 est,
751 3879 880 3955 inferni,
898 3899 936 3944 ac
956 3879 1068 3944 elevet
1087 3880 1181 3944 illum
1200 3881 1243 3944 ad

342 3971 387 4036 Se
408 3972 443 4034 in
466 3972 617 4048 caelum;
641 3981 677 4036 et
696 3973 786 4054 quod
809 3972 874 4037 hoc
898 3974 999 4038 iaciat
1022 3975 1111 4055 apud
1133 3973 1242 4037 homi·

342 4085 420 4130 nem
437 4087 497 4148 per
512 4063 750 4130 retradtionem
769 4087 789 4129 a
807 4067 916 4144 malis,
931 4089 1016 4151 quae
1035 4067 1073 4132 fir
1089 4089 1149 4152 per
1161 4088 1243 4132 con·

178 4261 193 4296 ⁸
211 4262 387 4322 [morano
405 4270 423 4307 ι
440 4260 664 4319 unaarum-J&
679 4261 933 4320 repnaenuuonibns
947 4268 1022 4308 sutus
1033 4261 1147 4309 ωειαίιο
1160 4274 1177 4308 ι
1190 4275 1245 4320 pro

131 4329 217 4388 pbetis.
225 4336 249 4375 et
258 4342 356 4387 qnoque
366 4329 397 4374 ab
408 4329 539 4381 Ezechiele.
547 4329 578 4374 de
588 4341 638 4386 quo
645 4335 730 4386 quater
740 4329 826 4375 dicitur
835 4330 902 4387 quod
908 4333 922 4354 ¹¹
928 4336 1007 4389 portet
1016 4329 1151 4387 iniquitates
1157 4329 1244 4375 domus

133 4395 289 4524 1525&
297 4395 500 4522 grsrodyiiomluus
513 4394 593 4443 diebu
607 4395 637 4443 sit
647 4395 793 4444 “Maximuu
805 4396 947 4457 stophen?
958 4396 1067 4442 videatur
1081 4395 1202 4444 Doctrina
1216 4396 1244 4443 dc
