2776 5040
132 445 178 507 4⁰
606 439 780 491 corrosas„

134 610 239 674 hilum
258 611 306 673 ab'
319 610 476 686 homine;
503 620 539 673 et
561 622 678 672 tamen
696 611 787 693 quod
811 630 873 692 per
893 609 1194 673 commorationem
1207 615 1230 667 ct

134 707 438 787 cooperationem.
462 707 540 768 inde
562 706 653 787 quod
677 705 844 767 Dominus
866 705 912 767 sit
939 707 975 767 in
1002 705 1066 767 illo
1086 713 1124 766 et
1145 700 1230 764 illein

135 800 293 867 Domino.
313 797 458 862 iacturas
476 803 519 862 sit
538 801 665 862 bonurn
688 821 708 862 a
726 822 774 872 se.
793 813 829 862 at
850 820 958 881 usque
977 801 1013 862 in
1032 798 1102 861 fide
1117 808 1153 859 et
1170 795 1232 856 lidu-

134 896 185 957 cia
203 895 293 976 quod
316 915 383 956 non
406 916 427 956 a
449 916 485 957 se
507 896 567 957 sed
590 916 611 957 a
635 895 793 958 Domino.
838 894 897 957 Sin
920 895 1036 966 aliter,
1056 894 1159 955 homo
1176 889 1233 952 taut

133 992 240 1052 instar
257 990 348 1059 boni,
367 990 399 1050 in
419 1011 486 1071 quo
504 991 594 1051 intus
610 1001 665 1051 est
683 989 810 1051 malum
829 991 909 1071 quia
927 989 1113 1062 meritum
1137 996 1171 1048 et
1188 983 1234 1045 bot

133 1094 186 1147 est
209 1083 309 1145 edere
332 1103 376 1145 ex
400 1084 572 1145 arboribus
595 1085 757 1146 scientiae
782 1084 864 1145 boni
889 1093 926 1145 et
950 1082 1047 1154 mali,
1070 1083 1158 1143 inter
1175 1095 1236 1159 quas
1291 1092 1293 1101 ·

134 1177 267 1239 habitat
291 1175 445 1258 Serpens,
469 1179 501 1240 in
525 1178 598 1240 dira
621 1179 838 1258 persuasione
859 1177 953 1260 quod
978 1179 1023 1238 sit
1047 1177 1136 1238 sicut
1158 1173 1237 1235 Deus

134 1270 188 1333 vel
215 1273 305 1353 quod
332 1291 401 1333 non
427 1273 471 1334 sit
503 1271 606 1343 Deus,
633 1272 694 1333 sed
721 1273 813 1353 quod
841 1271 978 1332 Natura
1004 1291 1096 1352 quae
1121 1277 1240 1330 vocatur

136 1365 238 1438 Deus,
254 1379 289 1428 et
308 1366 398 1447 quod
418 1387 462 1428 ex
482 1365 569 1428 illius
587 1366 767 1428 elementis
781 1365 950 1429 conflatus
969 1368 1026 1427 sit.
1073 1365 1240 1427 praetera

134 1459 182 1522 illi
214 1462 397 1522 comedunt
430 1480 475 1522 ex
508 1462 683 1523 arboribus
717 1461 880 1522 scientiae
913 1461 996 1522 boni
1029 1470 1068 1521 et
1101 1457 1178 1520 mali
1202 1451 1243 1534 qul

135 1565 250 1616 amant
268 1575 304 1616 se
320 1564 354 1616 et
374 1555 534 1616 mundum
551 1575 650 1635 super
665 1555 780 1617 omnia
794 1575 802 1629 ;
825 1567 861 1616 at
880 1553 929 1615 illi
949 1554 1060 1616 edunt
1076 1574 1123 1615 ex
1137 1547 1244 1613 arbori·

135 1649 197 1710 bus
224 1652 313 1711 vitae
343 1651 397 1730 qui
428 1661 543 1710 amant
578 1650 686 1711 Deum
717 1668 817 1729 super
847 1649 972 1717 omnia,
1002 1657 1039 1709 et
1071 1646 1246 1728 proximum

135 1744 221 1805 sicut
237 1764 273 1805 se
289 1745 408 1824 ipsum.
454 1742 506 1804 llli
524 1744 627 1805 etiam
643 1743 827 1805 comedunt
844 1763 888 1804 ex
905 1743 1087 1804 arboribus
1103 1739 1247 1802 scientiae

135 1837 214 1899 boni
237 1847 272 1899 et
296 1837 373 1898 mali
397 1838 451 1917 qui
470 1836 659 1899 excludunt
678 1856 829 1899 canones
849 1857 910 1917 pro
930 1834 1093 1898 Ecclesia
1115 1855 1160 1896 ex
1181 1851 1246 1913 pro

136 1933 206 2013 pria
225 1932 460 2011 intelligentia,
481 1941 516 1993 et
539 1943 661 2011 postea
679 1930 882 1992 confirmant
906 1930 985 1992 illos
1005 1951 1067 2011 per
1088 1928 1246 1992 verbum:

136 2038 171 2088 at
196 2027 339 2088 vicissim
364 2026 409 2086 illi
432 2026 537 2087 edunt
561 2046 605 2087 ex
629 2026 803 2087 arboribus
825 2026 917 2086 vitae
939 2024 996 2106 qui
1026 2042 1176 2086 canones
1199 2037 1249 2100 pro

137 2119 291 2183 Ecclesia
307 2130 505 2201 comparant
525 2122 586 2182 sibi
606 2140 666 2201 per
681 2119 844 2190 Verbum,
861 2128 897 2180 et
917 2130 1041 2198 postea
1058 2115 1248 2180 confirmant

137 2214 212 2276 illos
236 2235 294 2295 per
318 2215 589 2294 intelligentiam.
636 2213 688 2275 llli
707 2233 841 2295 quoque
860 2213 1048 2274 comedunt
1068 2232 1114 2274 ex
1133 2208 1247 2272 arbori·

137 2308 197 2369 bus
220 2309 380 2370 scientiae
403 2309 481 2370 boni
504 2320 538 2370 et
562 2307 641 2369 mali
664 2309 719 2389 qui
742 2308 867 2369 docent
891 2308 1059 2369 veritates
1081 2327 1128 2368 ex
1148 2303 1250 2365 Verbo

137 2413 171 2464 et
196 2403 283 2464 male
306 2404 433 2475 vivunt,
454 2414 488 2465 at
512 2401 558 2463 illi
582 2402 687 2464 edunt
710 2422 754 2463 ex
778 2400 953 2462 arboribus
976 2400 1072 2462 vitae
1093 2399 1149 2481 qui
1175 2397 1251 2458 bene

138 2497 253 2558 vivunt
268 2507 302 2557 et
316 2498 440 2558 docent
454 2518 496 2558 ex
512 2495 637 2557 Verbo
683 2495 940 2563 Universaliter‚
954 2513 1077 2555 omnes
1091 2493 1139 2554 illi
1151 2510 1251 2553 come·

138 2589 222 2650 dunt
238 2612 282 2650 ex
299 2592 470 2652 arboribus
487 2592 647 2651 scientiae
667 2590 745 2651 boni
762 2600 797 2650 et
814 2587 891 2649 mali
908 2589 963 2668 qui
981 2598 1113 2667 negant
1134 2584 1250 2647 Divini-

139 2694 245 2745 tatem
264 2684 397 2745 Domini
415 2696 448 2746 et
466 2682 682 2746 sanctitatem
700 2683 825 2757 Verbi;
848 2683 1007 2762 quoniam
1026 2682 1191 2742 Dominus
1206 2687 1251 2738 est

140 2776 251 2838 Arbor
272 2778 382 2849 Vitae,
404 2799 441 2839 ac
463 2779 623 2850 Verbum,
644 2799 687 2839 ex
708 2798 774 2857 quo
798 2775 952 2837 Ecclesia
971 2786 1025 2836 est
1048 2775 1207 2835 “Hortus
1223 2773 1250 2830 in

141 2870 237 2932 Eden
257 2872 299 2931 ab
319 2873 475 2934 oriente.‘'

198 2979 271 3042 30·
304 2964 417 3026 Homo
450 2966 628 3046 spiritualis
662 2976 713 3028 est
747 2963 878 3026 erectus
912 2964 1028 3032 homo,
1061 2964 1117 3043 qui
1149 2962 1252 3040 capite

141 3077 238 3136 supra
266 3079 300 3118 se
328 3071 361 3119 et
389 3061 510 3120 circum
540 3082 574 3120 se
602 3058 733 3139 spectat
761 3061 902 3130 caelum,
928 3068 963 3118 et
995 3057 1124 3137 plantis
1152 3056 1252 3117 calcat

141 3162 285 3212 terram:
321 3164 355 3213 at
384 3154 485 3216 homo
510 3154 671 3214 naturalis
695 3166 868 3235 separatus
895 3174 914 3213 a
941 3151 1108 3231 spirituali
1131 3163 1182 3211 est
1205 3145 1252 3207 vel

142 3247 225 3306 sicut
243 3247 434 3307 incurvatus
451 3247 563 3315 1101110,
577 3250 632 3327 qui
649 3250 759 3328 capite
777 3256 885 3317 nutat,
900 3256 934 3307 et
952 3247 1115 3307 continue
1129 3239 1252 3324 spectat

141 3352 275 3411 terram,
295 3351 329 3401 et
354 3352 432 3401 tunc
457 3361 591 3419 gressus
615 3342 736 3421 pedum
757 3361 911 3415 suorum;
944 3339 997 3401 vel
1023 3350 1077 3400 est
1102 3340 1187 3399 sicut
1209 3337 1252 3396 in·

141 3455 265 3502 versus
290 3435 344 3512 qui
367 3433 516 3495 ambulat
542 3454 639 3514 super
663 3435 782 3515 palmis
805 3452 974 3505 manuum,
999 3442 1034 3494 et
1059 3432 1103 3494 ad
1132 3429 1251 3493 caelum

142 3528 231 3589 tollit
264 3528 376 3606 pedeS,
405 3539 438 3587 et
470 3548 528 3607 per
559 3529 676 3589 horum
708 3531 912 3590 vibrationes
944 3538 978 3588 et
1010 3527 1252 3606 complosiones

143 3622 219 3683 lacit
245 3621 380 3682 cultum.
428 3621 540 3683 Homo
565 3622 743 3701 spiritualis
767 3632 817 3683 est
842 3623 928 3682 sicut
952 3621 1056 3680 homo
1080 3621 1184 3689 dives,
1207 3615 1252 3677 cui

143 3715 314 3796 palatium,
335 3716 366 3774 in
390 3737 456 3795 quo
479 3727 556 3776 sunt
580 3715 750 3788 cenacula,
773 3714 923 3785 thalami,
944 3712 1100 3782 triclinia,
1121 3727 1252 3793 quorum

144 3811 288 3891 parietes
305 3820 382 3870 sunt
399 3811 577 3871 continuae
594 3810 760 3871 fenestrae
777 3830 820 3870 ex
838 3804 956 3869 vitrisffl
970 3807 1185 3886 crystallinis,
1202 3822 1253 3884 per

144 3925 225 3987 quas
245 3900 364 3964 videt¹²J
384 3903 511 3974 hortos,
532 3924 641 3983 agros,
663 3923 784 3983 greges
808 3913 843 3963 et
866 3911 1030 3972 armenta,
1051 3920 1138 3981 quae
1160 3899 1252 3960 etiam

144 4000 212 4079 ejus
237 3999 455 4079 possessionis
475 4008 562 4068 sunt,
583 4019 626 4058 ex
647 4017 785 4077 quorum
809 3992 946 4076 aspectu
965 4004 1000 4056 et
1024 4015 1085 4054 usu
1104 4015 1141 4055 se
1160 3991 1252 4054 cotti·

144 4097 197 4157 die
221 4090 391 4156 oblectat:
425 4091 526 4153 homo
545 4101 658 4152 autem
680 4090 839 4151 naturalis
858 4098 1032 4168 separatus
1056 4108 1076 4148 a
1099 4081 1252 4167 spirituali

144 4199 196 4252 est
215 4208 346 4270 quoque
367 4187 451 4247 sicut
474 4185 577 4247 homo
597 4186 700 4257 dives,
721 4185 771 4246 cui
791 4194 843 4245 est
863 4182 1024 4263 palatium
1044 4182 1078 4242 in
1098 4201 1165 4262 quo
1183 4188 1252 4238 sunt

145 4303 297 4347 camerae
314 4300 451 4362 quarum
472 4281 614 4359 parietes
634 4288 711 4339 sunt
735 4279 914 4339 continuae
938 4274 1075 4338 tabulae
1098 4295 1143 4335 ex
1167 4272 1252 4351 ligno

146 4380 243 4460 putri,
264 4376 353 4458 quod
378 4375 450 4435 luce
470 4373 559 4435 latua
579 4371 804 4444 circumlucet,
826 4373 857 4432 in
881 4391 945 4451 qua
968 4370 1134 4449 imagines
1157 4368 1252 4428 fastus
