<?xml version="1.0" encoding="UTF-8"?>
<!DOCTYPE html PUBLIC "-//W3C//DTD XHTML 1.0 Transitional//EN"
    "http://www.w3.org/TR/xhtml1/DTD/xhtml1-transitional.dtd">
<html xmlns="http://www.w3.org/1999/xhtml" xml:lang="en" lang="en">
 <head>
  <title>
</title>
<meta http-equiv="Content-Type" content="text/html;charset=utf-8" />
  <meta name='ocr-system' content='tesseract 3.04.00' />
  <meta name='ocr-capabilities' content='ocr_page ocr_carea ocr_par ocr_line ocrx_word'/>
</head>
<body>
  <div class='ocr_page' id='page_1' title='image "./denovahiersosol00swedgoog_0376.png"; bbox 0 0 2776 5040; ppageno 0'>
   <div class='ocr_carea' id='block_1_1' title="bbox 432 484 832 538">
    <p class='ocr_par' dir='ltr' id='par_1_1' title="bbox 432 484 832 538">
     <span class='ocr_line' id='line_1_1' title="bbox 432 484 832 538; baseline -0.005 -1"><span class='ocrx_word' id='word_1_1' title='bbox 432 487 482 537; x_wconf 81' lang='lat' dir='ltr'>DE</span> <span class='ocrx_word' id='word_1_2' title='bbox 505 486 652 538; x_wconf 86' lang='lat' dir='ltr'><strong>SPIRITU</strong></span> <span class='ocrx_word' id='word_1_3' title='bbox 674 484 832 538; x_wconf 82' lang='lat' dir='ltr'><strong>SANCTO.</strong></span> 
     </span>
    </p>
   </div>
   <div class='ocr_carea' id='block_1_2' title="bbox 420 803 841 869">
    <p class='ocr_par' dir='ltr' id='par_1_2' title="bbox 420 803 841 869">
     <span class='ocr_line' id='line_1_2' title="bbox 420 803 841 869; baseline -0.007 0"><span class='ocrx_word' id='word_1_4' title='bbox 420 803 578 869; x_wconf 86' lang='lat' dir='ltr'>CAPUT</span> <span class='ocrx_word' id='word_1_5' title='bbox 608 803 841 868; x_wconf 86' lang='lat' dir='ltr'><strong>TERTIUM.</strong></span> 
     </span>
    </p>
   </div>
   <div class='ocr_carea' id='block_1_3' title="bbox 85 1033 1189 1384">
    <p class='ocr_par' dir='ltr' id='par_1_3' title="bbox 85 1033 1189 1384">
     <span class='ocr_line' id='line_1_3' title="bbox 85 1033 1183 1118; baseline -0.003 -15"><span class='ocrx_word' id='word_1_6' title='bbox 85 1033 186 1118; x_wconf 73' lang='lat' dir='ltr'>2uon</span> <span class='ocrx_word' id='word_1_7' title='bbox 202 1036 375 1101; x_wconf 82' lang='lat' dir='ltr'>Drvmuu</span> <span class='ocrx_word' id='word_1_8' title='bbox 392 1049 495 1113; x_wconf 86' lang='lat' dir='ltr'>Quoo</span> <span class='ocrx_word' id='word_1_9' title='bbox 514 1049 692 1101; x_wconf 76' lang='lat' dir='ltr'>voenrun</span> <span class='ocrx_word' id='word_1_10' title='bbox 709 1035 881 1100; x_wconf 81' lang='lat' dir='ltr'>Smnrrus</span> <span class='ocrx_word' id='word_1_11' title='bbox 897 1034 1081 1111; x_wconf 70' lang='lat' dir='ltr'>Sanctus</span> <span class='ocrx_word' id='word_1_12' title='bbox 1099 1048 1183 1100; x_wconf 75' lang='lat' dir='ltr'>nno·</span> 
     </span>
     <span class='ocr_line' id='line_1_4' title="bbox 199 1130 1189 1202; baseline 0 -9"><span class='ocrx_word' id='word_1_13' title='bbox 199 1143 347 1194; x_wconf 77' lang='lat' dir='ltr'>capsus</span> <span class='ocrx_word' id='word_1_14' title='bbox 370 1145 400 1193; x_wconf 75' lang='lat' dir='ltr'>n·</span> <span class='ocrx_word' id='word_1_15' title='bbox 414 1130 496 1194; x_wconf 83' lang='lat' dir='ltr'>Dso</span> <span class='ocrx_word' id='word_1_16' title='bbox 521 1144 590 1193; x_wconf 76' lang='lat' dir='ltr'>nun</span> <span class='ocrx_word' id='word_1_17' title='bbox 616 1130 819 1195; x_wconf 72' lang='lat' dir='ltr'>Humanum</span> <span class='ocrx_word' id='word_1_18' title='bbox 839 1130 967 1202; x_wconf 77' lang='lat' dir='ltr'>IPSIUS,</span> <span class='ocrx_word' id='word_1_19' title='bbox 986 1142 1189 1193; x_wconf 73' lang='lat' dir='ltr'>Tnnnssnr</span> 
     </span>
     <span class='ocr_line' id='line_1_5' title="bbox 198 1236 1188 1299; baseline -0.001 -12"><span class='ocrx_word' id='word_1_20' title='bbox 198 1238 270 1287; x_wconf 78' lang='lat' dir='ltr'>nnn</span> <span class='ocrx_word' id='word_1_21' title='bbox 300 1238 455 1288; x_wconf 76' lang='lat' dir='ltr'>caunum</span> <span class='ocrx_word' id='word_1_22' title='bbox 486 1239 711 1288; x_wconf 77' lang='lat' dir='ltr'>nnusmcurr</span> <span class='ocrx_word' id='word_1_23' title='bbox 741 1237 785 1287; x_wconf 79' lang='lat' dir='ltr'>nr</span> <span class='ocrx_word' id='word_1_24' title='bbox 813 1238 991 1299; x_wconf 81' lang='lat' dir='ltr'>uunoun,</span> <span class='ocrx_word' id='word_1_25' title='bbox 1022 1236 1088 1286; x_wconf 74' lang='lat' dir='ltr'>rm</span> <span class='ocrx_word' id='word_1_26' title='bbox 1118 1237 1188 1286; x_wconf 75' lang='lat' dir='ltr'>nnn</span> 
     </span>
     <span class='ocr_line' id='line_1_6' title="bbox 200 1332 646 1384; baseline -0.002 -1"><span class='ocrx_word' id='word_1_27' title='bbox 200 1332 374 1384; x_wconf 70' lang='lat' dir='ltr'>annosos</span> <span class='ocrx_word' id='word_1_28' title='bbox 398 1333 438 1382; x_wconf 85' lang='lat' dir='ltr'>m</span> <span class='ocrx_word' id='word_1_29' title='bbox 463 1333 646 1383; x_wconf 75' lang='lat' dir='ltr'>nouimus.</span> 
     </span>
    </p>
   </div>
   <div class='ocr_carea' id='block_1_4' title="bbox 130 1500 1189 3566">
    <p class='ocr_par' dir='ltr' id='par_1_4' title="bbox 138 1500 1188 1772">
     <span class='ocr_line' id='line_1_7' title="bbox 138 1500 1187 1584; baseline -0.002 -18"><span class='ocrx_word' id='word_1_30' title='bbox 138 1519 165 1566; x_wconf 89' lang='lat'>1.</span> <span class='ocrx_word' id='word_1_31' title='bbox 197 1501 298 1584; x_wconf 86' lang='lat' dir='ltr'>Quod</span> <span class='ocrx_word' id='word_1_32' title='bbox 318 1502 411 1566; x_wconf 91' lang='lat' dir='ltr'>Deus</span> <span class='ocrx_word' id='word_1_33' title='bbox 430 1523 515 1565; x_wconf 89' lang='lat' dir='ltr'>unus</span> <span class='ocrx_word' id='word_1_34' title='bbox 533 1503 566 1566; x_wconf 94' lang='lat' dir='ltr'>in</span> <span class='ocrx_word' id='word_1_35' title='bbox 590 1502 750 1566; x_wconf 86' lang='lat' dir='ltr'>Humano</span> <span class='ocrx_word' id='word_1_36' title='bbox 769 1523 830 1566; x_wconf 93' lang='lat' dir='ltr'>suo</span> <span class='ocrx_word' id='word_1_37' title='bbox 855 1503 898 1567; x_wconf 93' lang='lat' dir='ltr'>sit</span> <span class='ocrx_word' id='word_1_38' title='bbox 928 1504 1028 1583; x_wconf 85' lang='lat' dir='ltr'>supra</span> <span class='ocrx_word' id='word_1_39' title='bbox 1055 1500 1187 1565; x_wconf 90' lang='lat' dir='ltr'>caelum</span> 
     </span>
     <span class='ocr_line' id='line_1_8' title="bbox 283 1586 1188 1680; baseline 0.002 -21"><span class='ocrx_word' id='word_1_40' title='bbox 283 1598 485 1679; x_wconf 85' lang='lat' dir='ltr'>angelicum,</span> <span class='ocrx_word' id='word_1_41' title='bbox 506 1618 673 1680; x_wconf 88' lang='lat' dir='ltr'>apparens</span> <span class='ocrx_word' id='word_1_42' title='bbox 692 1598 737 1660; x_wconf 92' lang='lat' dir='ltr'>ibi</span> <span class='ocrx_word' id='word_1_43' title='bbox 761 1607 797 1661; x_wconf 94' lang='lat' dir='ltr'>ut</span> <span class='ocrx_word' id='word_1_44' title='bbox 817 1586 895 1672; x_wconf 83' lang='lat' dir='ltr'>Sol,¹</span> <span class='ocrx_word' id='word_1_45' title='bbox 908 1619 928 1660; x_wconf 92' lang='lat' dir='ltr'>a</span> <span class='ocrx_word' id='word_1_46' title='bbox 946 1617 1014 1680; x_wconf 93' lang='lat' dir='ltr'>quo</span> <span class='ocrx_word' id='word_1_47' title='bbox 1033 1598 1188 1678; x_wconf 89' lang='lat' dir='ltr'>procedit</span> 
     </span>
     <span class='ocr_line' id='line_1_9' title="bbox 284 1691 940 1772; baseline 0.002 -18"><span class='ocrx_word' id='word_1_48' title='bbox 284 1711 378 1755; x_wconf 92' lang='lat' dir='ltr'>amor</span> <span class='ocrx_word' id='word_1_49' title='bbox 397 1701 434 1754; x_wconf 91' lang='lat' dir='ltr'>ut</span> <span class='ocrx_word' id='word_1_50' title='bbox 452 1691 556 1766; x_wconf 85' lang='lat' dir='ltr'>calor,</span> <span class='ocrx_word' id='word_1_51' title='bbox 573 1701 608 1755; x_wconf 88' lang='lat' dir='ltr'>et</span> <span class='ocrx_word' id='word_1_52' title='bbox 628 1693 795 1772; x_wconf 86' lang='lat' dir='ltr'>sapientia</span> <span class='ocrx_word' id='word_1_53' title='bbox 814 1703 851 1755; x_wconf 94' lang='lat' dir='ltr'>ut</span> <span class='ocrx_word' id='word_1_54' title='bbox 871 1692 940 1755; x_wconf 90' lang='lat' dir='ltr'>lux.</span> 
     </span>
    </p>

    <p class='ocr_par' dir='ltr' id='par_1_5' title="bbox 134 1783 1187 2341">
     <span class='ocr_line' id='line_1_10' title="bbox 134 1783 1185 1871; baseline -0.001 -21"><span class='ocrx_word' id='word_1_55' title='bbox 134 1801 166 1850; x_wconf 87' lang='lat'>2.</span> <span class='ocrx_word' id='word_1_56' title='bbox 199 1783 300 1871; x_wconf 84' lang='lat' dir='ltr'>Quod</span> <span class='ocrx_word' id='word_1_57' title='bbox 316 1787 363 1848; x_wconf 88' lang='lat' dir='ltr'>sic</span> <span class='ocrx_word' id='word_1_58' title='bbox 383 1784 537 1849; x_wconf 66' lang='lat' dir='ltr'>santium</span> <span class='ocrx_word' id='word_1_59' title='bbox 556 1785 630 1860; x_wconf 85' lang='lat' dir='ltr'>Dei,</span> <span class='ocrx_word' id='word_1_60' title='bbox 648 1787 738 1868; x_wconf 91' lang='lat' dir='ltr'>quod</span> <span class='ocrx_word' id='word_1_61' title='bbox 755 1796 896 1850; x_wconf 91' lang='lat' dir='ltr'>vocatur</span> <span class='ocrx_word' id='word_1_62' title='bbox 915 1785 1059 1869; x_wconf 88' lang='lat' dir='ltr'>Spiritus</span> <span class='ocrx_word' id='word_1_63' title='bbox 1079 1783 1185 1850; x_wconf 89' lang='lat' dir='ltr'>Sanc·</span> 
     </span>
     <span class='ocr_line' id='line_1_11' title="bbox 284 1879 1187 1954; baseline 0 -12"><span class='ocrx_word' id='word_1_64' title='bbox 284 1889 349 1953; x_wconf 88' lang='lat' dir='ltr'>tus,</span> <span class='ocrx_word' id='word_1_65' title='bbox 363 1879 480 1943; x_wconf 87' lang='lat' dir='ltr'>influat</span> <span class='ocrx_word' id='word_1_66' title='bbox 494 1881 611 1943; x_wconf 90' lang='lat' dir='ltr'>ordine</span> <span class='ocrx_word' id='word_1_67' title='bbox 627 1881 661 1942; x_wconf 94' lang='lat' dir='ltr'>in</span> <span class='ocrx_word' id='word_1_68' title='bbox 677 1879 1043 1954; x_wconf 73' lang='lat' dir='ltr'>caelos-immediate</span> <span class='ocrx_word' id='word_1_69' title='bbox 1060 1881 1092 1942; x_wconf 92' lang='lat' dir='ltr'>in</span> <span class='ocrx_word' id='word_1_70' title='bbox 1109 1900 1187 1943; x_wconf 84' lang='lat' dir='ltr'>cae·</span> 
     </span>
     <span class='ocr_line' id='line_1_12' title="bbox 284 1973 1187 2056; baseline 0 -20"><span class='ocrx_word' id='word_1_71' title='bbox 284 1973 354 2036; x_wconf 93' lang='lat' dir='ltr'>lum</span> <span class='ocrx_word' id='word_1_72' title='bbox 377 1992 570 2055; x_wconf 89' lang='lat' dir='ltr'>supremum</span> <span class='ocrx_word' id='word_1_73' title='bbox 590 1974 680 2056; x_wconf 94' lang='lat' dir='ltr'>quod</span> <span class='ocrx_word' id='word_1_74' title='bbox 699 1985 841 2037; x_wconf 88' lang='lat' dir='ltr'>vocatur</span> <span class='ocrx_word' id='word_1_75' title='bbox 861 1975 1011 2047; x_wconf 87' lang='lat' dir='ltr'>tertium,</span> <span class='ocrx_word' id='word_1_76' title='bbox 1032 1973 1187 2036; x_wconf 91' lang='lat' dir='ltr'>immedi-</span> 
     </span>
     <span class='ocr_line' id='line_1_13' title="bbox 283 2067 1187 2151; baseline -0.004 -18"><span class='ocrx_word' id='word_1_77' title='bbox 283 2079 340 2133; x_wconf 87' lang='lat' dir='ltr'>ate</span> <span class='ocrx_word' id='word_1_78' title='bbox 359 2078 394 2131; x_wconf 95' lang='lat' dir='ltr'>et</span> <span class='ocrx_word' id='word_1_79' title='bbox 414 2089 547 2151; x_wconf 90' lang='lat' dir='ltr'>quoque</span> <span class='ocrx_word' id='word_1_80' title='bbox 566 2069 715 2132; x_wconf 91' lang='lat' dir='ltr'>mediate</span> <span class='ocrx_word' id='word_1_81' title='bbox 733 2070 767 2131; x_wconf 95' lang='lat' dir='ltr'>in</span> <span class='ocrx_word' id='word_1_82' title='bbox 783 2067 915 2131; x_wconf 88' lang='lat' dir='ltr'>caelum</span> <span class='ocrx_word' id='word_1_83' title='bbox 932 2067 1081 2130; x_wconf 87' lang='lat' dir='ltr'>medium</span> <span class='ocrx_word' id='word_1_84' title='bbox 1097 2069 1187 2150; x_wconf 93' lang='lat' dir='ltr'>quod</span> 
     </span>
     <span class='ocr_line' id='line_1_14' title="bbox 284 2160 1186 2237; baseline -0.001 -12"><span class='ocrx_word' id='word_1_85' title='bbox 284 2174 426 2226; x_wconf 92' lang='lat' dir='ltr'>vocatur</span> <span class='ocrx_word' id='word_1_86' title='bbox 442 2163 639 2237; x_wconf 84' lang='lat' dir='ltr'>secundum,</span> <span class='ocrx_word' id='word_1_87' title='bbox 656 2162 812 2226; x_wconf 87' lang='lat' dir='ltr'>similiter</span> <span class='ocrx_word' id='word_1_88' title='bbox 830 2163 863 2224; x_wconf 91' lang='lat' dir='ltr'>in</span> <span class='ocrx_word' id='word_1_89' title='bbox 882 2160 1014 2225; x_wconf 90' lang='lat' dir='ltr'>caelum</span> <span class='ocrx_word' id='word_1_90' title='bbox 1031 2161 1186 2225; x_wconf 93' lang='lat' dir='ltr'>ultimum</span> 
     </span>
     <span class='ocr_line' id='line_1_15' title="bbox 286 2258 711 2341; baseline 0 -21"><span class='ocrx_word' id='word_1_91' title='bbox 286 2258 377 2341; x_wconf 89' lang='lat' dir='ltr'>quod</span> <span class='ocrx_word' id='word_1_92' title='bbox 396 2267 538 2321; x_wconf 87' lang='lat' dir='ltr'>vocatur</span> <span class='ocrx_word' id='word_1_93' title='bbox 557 2258 711 2340; x_wconf 92' lang='lat' dir='ltr'>primum.</span> 
     </span>
    </p>

    <p class='ocr_par' dir='ltr' id='par_1_6' title="bbox 134 2349 1189 2511">
     <span class='ocr_line' id='line_1_16' title="bbox 134 2349 1189 2435; baseline 0 -20"><span class='ocrx_word' id='word_1_94' title='bbox 134 2369 164 2434; x_wconf 84' lang='lat'>3.</span> <span class='ocrx_word' id='word_1_95' title='bbox 197 2349 298 2435; x_wconf 87' lang='lat' dir='ltr'>Quod</span> <span class='ocrx_word' id='word_1_96' title='bbox 328 2373 387 2435; x_wconf 85' lang='lat' dir='ltr'>per</span> <span class='ocrx_word' id='word_1_97' title='bbox 412 2352 475 2416; x_wconf 92' lang='lat' dir='ltr'>hos</span> <span class='ocrx_word' id='word_1_98' title='bbox 504 2352 617 2416; x_wconf 90' lang='lat' dir='ltr'>caelos</span> <span class='ocrx_word' id='word_1_99' title='bbox 646 2352 762 2417; x_wconf 88' lang='lat' dir='ltr'>influat</span> <span class='ocrx_word' id='word_1_100' title='bbox 794 2352 828 2415; x_wconf 82' lang='lat' dir='ltr'>in</span> <span class='ocrx_word' id='word_1_101' title='bbox 861 2352 1034 2427; x_wconf 86' lang='lat' dir='ltr'>mundum,</span> <span class='ocrx_word' id='word_1_102' title='bbox 1065 2362 1100 2416; x_wconf 91' lang='lat' dir='ltr'>et</span> <span class='ocrx_word' id='word_1_103' title='bbox 1130 2373 1189 2435; x_wconf 90' lang='lat' dir='ltr'>per</span> 
     </span>
     <span class='ocr_line' id='line_1_17' title="bbox 282 2446 670 2511; baseline -0.005 0"><span class='ocrx_word' id='word_1_104' title='bbox 282 2447 371 2511; x_wconf 90' lang='lat' dir='ltr'>hunc</span> <span class='ocrx_word' id='word_1_105' title='bbox 391 2446 423 2509; x_wconf 93' lang='lat' dir='ltr'>in</span> <span class='ocrx_word' id='word_1_106' title='bbox 443 2447 598 2510; x_wconf 88' lang='lat' dir='ltr'>homines</span> <span class='ocrx_word' id='word_1_107' title='bbox 617 2447 670 2510; x_wconf 92' lang='lat' dir='ltr'>ibi.</span> 
     </span>
    </p>

    <p class='ocr_par' dir='ltr' id='par_1_7' title="bbox 132 2538 1173 2623">
     <span class='ocr_line' id='line_1_18' title="bbox 132 2538 1173 2623; baseline 0 -19"><span class='ocrx_word' id='word_1_108' title='bbox 132 2559 166 2621; x_wconf 85' lang='grc'>4.</span> <span class='ocrx_word' id='word_1_109' title='bbox 198 2539 298 2622; x_wconf 87' lang='lat' dir='ltr'>Quod</span> <span class='ocrx_word' id='word_1_110' title='bbox 318 2551 434 2604; x_wconf 91' lang='lat' dir='ltr'>tamen</span> <span class='ocrx_word' id='word_1_111' title='bbox 453 2540 567 2622; x_wconf 86' lang='lat' dir='ltr'>angeli</span> <span class='ocrx_word' id='word_1_112' title='bbox 585 2540 671 2604; x_wconf 91' lang='lat' dir='ltr'>caeli</span> <span class='ocrx_word' id='word_1_113' title='bbox 687 2561 755 2603; x_wconf 94' lang='lat' dir='ltr'>non</span> <span class='ocrx_word' id='word_1_114' title='bbox 772 2541 840 2603; x_wconf 91' lang='lat' dir='ltr'>sint</span> <span class='ocrx_word' id='word_1_115' title='bbox 859 2538 1001 2623; x_wconf 86' lang='lat' dir='ltr'>Spiritus</span> <span class='ocrx_word' id='word_1_116' title='bbox 1018 2538 1173 2605; x_wconf 68' lang='lat' dir='ltr'>Sandtus.</span> 
     </span>
    </p>

    <p class='ocr_par' dir='ltr' id='par_1_8' title="bbox 135 2633 1189 2794">
     <span class='ocr_line' id='line_1_19' title="bbox 135 2633 1189 2717; baseline 0.002 -20"><span class='ocrx_word' id='word_1_117' title='bbox 135 2650 163 2717; x_wconf 82' lang='lat'>5.</span> <span class='ocrx_word' id='word_1_118' title='bbox 196 2633 296 2716; x_wconf 83' lang='lat' dir='ltr'>Quod</span> <span class='ocrx_word' id='word_1_119' title='bbox 318 2655 436 2699; x_wconf 92' lang='lat' dir='ltr'>omnes</span> <span class='ocrx_word' id='word_1_120' title='bbox 460 2635 556 2709; x_wconf 84' lang='lat' dir='ltr'>caeli,</span> <span class='ocrx_word' id='word_1_121' title='bbox 577 2655 643 2698; x_wconf 92' lang='lat' dir='ltr'>una</span> <span class='ocrx_word' id='word_1_122' title='bbox 665 2654 741 2699; x_wconf 90' lang='lat' dir='ltr'>cum</span> <span class='ocrx_word' id='word_1_123' title='bbox 764 2634 916 2698; x_wconf 88' lang='lat' dir='ltr'>ecclesiis</span> <span class='ocrx_word' id='word_1_124' title='bbox 939 2637 972 2698; x_wconf 97' lang='lat' dir='ltr'>in</span> <span class='ocrx_word' id='word_1_125' title='bbox 991 2638 1100 2710; x_wconf 88' lang='lat' dir='ltr'>terris,</span> <span class='ocrx_word' id='word_1_126' title='bbox 1121 2638 1189 2700; x_wconf 92' lang='lat' dir='ltr'>sint</span> 
     </span>
     <span class='ocr_line' id='line_1_20' title="bbox 283 2728 918 2794; baseline 0 -2"><span class='ocrx_word' id='word_1_127' title='bbox 283 2731 317 2792; x_wconf 94' lang='lat' dir='ltr'>in</span> <span class='ocrx_word' id='word_1_128' title='bbox 335 2731 407 2793; x_wconf 91' lang='lat' dir='ltr'>visu</span> <span class='ocrx_word' id='word_1_129' title='bbox 428 2730 564 2794; x_wconf 88' lang='lat' dir='ltr'>Domini</span> <span class='ocrx_word' id='word_1_130' title='bbox 584 2732 671 2793; x_wconf 90' lang='lat' dir='ltr'>sicut</span> <span class='ocrx_word' id='word_1_131' title='bbox 690 2749 774 2791; x_wconf 90' lang='lat' dir='ltr'>unus</span> <span class='ocrx_word' id='word_1_132' title='bbox 793 2728 918 2792; x_wconf 90' lang='lat' dir='ltr'><strong>Homo.</strong></span> 
     </span>
    </p>

    <p class='ocr_par' dir='ltr' id='par_1_9' title="bbox 131 2821 1189 3283">
     <span class='ocr_line' id='line_1_21' title="bbox 131 2821 1187 2904; baseline -0.001 -16"><span class='ocrx_word' id='word_1_133' title='bbox 131 2822 164 2888; x_wconf 90' lang='lat'>6.</span> <span class='ocrx_word' id='word_1_134' title='bbox 196 2821 297 2904; x_wconf 86' lang='lat' dir='ltr'>Quod</span> <span class='ocrx_word' id='word_1_135' title='bbox 310 2824 402 2887; x_wconf 91' lang='lat' dir='ltr'>solus</span> <span class='ocrx_word' id='word_1_136' title='bbox 416 2823 582 2888; x_wconf 90' lang='lat' dir='ltr'>Dominus</span> <span class='ocrx_word' id='word_1_137' title='bbox 597 2824 641 2886; x_wconf 93' lang='lat' dir='ltr'>sit</span> <span class='ocrx_word' id='word_1_138' title='bbox 654 2823 767 2886; x_wconf 89' lang='lat' dir='ltr'>anima</span> <span class='ocrx_word' id='word_1_139' title='bbox 782 2832 818 2886; x_wconf 89' lang='lat' dir='ltr'>et</span> <span class='ocrx_word' id='word_1_140' title='bbox 834 2824 904 2886; x_wconf 87' lang='lat' dir='ltr'>vita</span> <span class='ocrx_word' id='word_1_141' title='bbox 916 2823 1004 2886; x_wconf 89' lang='lat' dir='ltr'>illius</span> <span class='ocrx_word' id='word_1_142' title='bbox 1019 2823 1187 2899; x_wconf 86' lang='lat' dir='ltr'>Hominis,</span> 
     </span>
     <span class='ocr_line' id='line_1_22' title="bbox 282 2917 1188 3001; baseline 0 -20"><span class='ocrx_word' id='word_1_143' title='bbox 282 2928 318 2982; x_wconf 88' lang='lat' dir='ltr'>et</span> <span class='ocrx_word' id='word_1_144' title='bbox 334 2919 423 3000; x_wconf 91' lang='lat' dir='ltr'>quod</span> <span class='ocrx_word' id='word_1_145' title='bbox 441 2937 559 2981; x_wconf 91' lang='lat' dir='ltr'>omnes</span> <span class='ocrx_word' id='word_1_146' title='bbox 575 2919 631 3001; x_wconf 91' lang='lat' dir='ltr'>qui</span> <span class='ocrx_word' id='word_1_147' title='bbox 647 2919 840 2980; x_wconf 87' lang='lat' dir='ltr'>animantur</span> <span class='ocrx_word' id='word_1_148' title='bbox 856 2927 892 2980; x_wconf 92' lang='lat' dir='ltr'>et</span> <span class='ocrx_word' id='word_1_149' title='bbox 908 2919 1027 2980; x_wconf 88' lang='lat' dir='ltr'>vivunt</span> <span class='ocrx_word' id='word_1_150' title='bbox 1045 2919 1088 2980; x_wconf 90' lang='lat' dir='ltr'>ab</span> <span class='ocrx_word' id='word_1_151' title='bbox 1108 2917 1188 3000; x_wconf 91' lang='lat' dir='ltr'>Ipso</span> 
     </span>
     <span class='ocr_line' id='line_1_23' title="bbox 281 3011 1187 3094; baseline 0 -20"><span class='ocrx_word' id='word_1_152' title='bbox 281 3012 349 3075; x_wconf 89' lang='lat' dir='ltr'>sint</span> <span class='ocrx_word' id='word_1_153' title='bbox 362 3032 484 3093; x_wconf 88' lang='lat' dir='ltr'>corpus</span> <span class='ocrx_word' id='word_1_154' title='bbox 504 3011 622 3093; x_wconf 92' lang='lat' dir='ltr'>Ipsius.</span> <span class='ocrx_word' id='word_1_155' title='bbox 668 3011 752 3074; x_wconf 91' lang='lat' dir='ltr'>lnde</span> <span class='ocrx_word' id='word_1_156' title='bbox 768 3020 821 3074; x_wconf 89' lang='lat' dir='ltr'>est</span> <span class='ocrx_word' id='word_1_157' title='bbox 840 3011 930 3093; x_wconf 93' lang='lat' dir='ltr'>quod</span> <span class='ocrx_word' id='word_1_158' title='bbox 950 3011 1082 3075; x_wconf 88' lang='lat' dir='ltr'>dicatur</span> <span class='ocrx_word' id='word_1_159' title='bbox 1097 3012 1187 3094; x_wconf 94' lang='lat' dir='ltr'>quod</span> 
     </span>
     <span class='ocr_line' id='line_1_24' title="bbox 283 3104 1189 3188; baseline 0 -19"><span class='ocrx_word' id='word_1_160' title='bbox 283 3106 400 3170; x_wconf 88' lang='lat' dir='ltr'>fideles</span> <span class='ocrx_word' id='word_1_161' title='bbox 418 3107 545 3171; x_wconf 85' lang='lat' dir='ltr'>saciant</span> <span class='ocrx_word' id='word_1_162' title='bbox 566 3126 687 3188; x_wconf 90' lang='lat' dir='ltr'>corpus</span> <span class='ocrx_word' id='word_1_163' title='bbox 707 3104 910 3181; x_wconf 68' lang='lat' dir='ltr'>Domini‚&#39;et</span> <span class='ocrx_word' id='word_1_164' title='bbox 934 3106 1025 3188; x_wconf 90' lang='lat' dir='ltr'>quod</span> <span class='ocrx_word' id='word_1_165' title='bbox 1048 3105 1096 3168; x_wconf 88' lang='lat' dir='ltr'>illi</span> <span class='ocrx_word' id='word_1_166' title='bbox 1119 3107 1189 3170; x_wconf 89' lang='lat' dir='ltr'>sint</span> 
     </span>
     <span class='ocr_line' id='line_1_25' title="bbox 283 3200 729 3283; baseline -0.002 -20"><span class='ocrx_word' id='word_1_167' title='bbox 283 3202 318 3263; x_wconf 94' lang='lat' dir='ltr'>in</span> <span class='ocrx_word' id='word_1_168' title='bbox 338 3200 429 3283; x_wconf 89' lang='lat' dir='ltr'>Ipso,</span> <span class='ocrx_word' id='word_1_169' title='bbox 450 3211 485 3265; x_wconf 91' lang='lat' dir='ltr'>et</span> <span class='ocrx_word' id='word_1_170' title='bbox 504 3200 581 3282; x_wconf 90' lang='lat' dir='ltr'>Ipse</span> <span class='ocrx_word' id='word_1_171' title='bbox 600 3201 633 3263; x_wconf 93' lang='lat' dir='ltr'>in</span> <span class='ocrx_word' id='word_1_172' title='bbox 653 3200 729 3263; x_wconf 90' lang='lat' dir='ltr'>illis.</span> 
     </span>
    </p>

    <p class='ocr_par' dir='ltr' id='par_1_10' title="bbox 130 3292 1189 3566">
     <span class='ocr_line' id='line_1_26' title="bbox 130 3292 1189 3377; baseline -0.001 -19"><span class='ocrx_word' id='word_1_173' title='bbox 130 3311 161 3376; x_wconf 93' lang='lat'>7.</span> <span class='ocrx_word' id='word_1_174' title='bbox 195 3292 297 3377; x_wconf 81' lang='lat' dir='ltr'>Quod</span> <span class='ocrx_word' id='word_1_175' title='bbox 315 3296 480 3358; x_wconf 92' lang='lat' dir='ltr'>Dominus</span> <span class='ocrx_word' id='word_1_176' title='bbox 496 3296 529 3357; x_wconf 95' lang='lat' dir='ltr'>in</span> <span class='ocrx_word' id='word_1_177' title='bbox 546 3295 688 3376; x_wconf 84' lang='lat' dir='ltr'>angelos</span> <span class='ocrx_word' id='word_1_178' title='bbox 704 3294 789 3358; x_wconf 85' lang='lat' dir='ltr'>caeli</span> <span class='ocrx_word' id='word_1_179' title='bbox 804 3303 840 3358; x_wconf 92' lang='lat' dir='ltr'>et</span> <span class='ocrx_word' id='word_1_180' title='bbox 856 3295 890 3357; x_wconf 93' lang='lat' dir='ltr'>in</span> <span class='ocrx_word' id='word_1_181' title='bbox 905 3293 1061 3358; x_wconf 90' lang='lat' dir='ltr'>homines</span> <span class='ocrx_word' id='word_1_182' title='bbox 1077 3292 1189 3357; x_wconf 91' lang='lat' dir='ltr'>eccle·</span> 
     </span>
     <span class='ocr_line' id='line_1_27' title="bbox 284 3388 1188 3472; baseline -0.002 -19"><span class='ocrx_word' id='word_1_183' title='bbox 284 3390 353 3453; x_wconf 85' lang='lat' dir='ltr'>siae</span> <span class='ocrx_word' id='word_1_184' title='bbox 373 3389 491 3467; x_wconf 80' lang='lat' dir='ltr'>influat</span> <span class='ocrx_word' id='word_1_185' title='bbox 509 3391 543 3452; x_wconf 93' lang='lat' dir='ltr'>in</span> <span class='ocrx_word' id='word_1_186' title='bbox 562 3392 708 3472; x_wconf 90' lang='lat' dir='ltr'>quadam</span> <span class='ocrx_word' id='word_1_187' title='bbox 728 3389 947 3452; x_wconf 87' lang='lat' dir='ltr'>similitudine</span> <span class='ocrx_word' id='word_1_188' title='bbox 965 3388 1188 3472; x_wconf 89' lang='lat' dir='ltr'>quemadmo-</span> 
     </span>
     <span class='ocr_line' id='line_1_28' title="bbox 283 3482 998 3566; baseline -0.001 -20"><span class='ocrx_word' id='word_1_189' title='bbox 283 3483 363 3547; x_wconf 93' lang='lat' dir='ltr'>dum</span> <span class='ocrx_word' id='word_1_190' title='bbox 381 3484 495 3547; x_wconf 89' lang='lat' dir='ltr'>anima</span> <span class='ocrx_word' id='word_1_191' title='bbox 512 3484 546 3546; x_wconf 92' lang='lat' dir='ltr'>in</span> <span class='ocrx_word' id='word_1_192' title='bbox 565 3503 686 3566; x_wconf 87' lang='lat' dir='ltr'>corpus</span> <span class='ocrx_word' id='word_1_193' title='bbox 705 3483 794 3565; x_wconf 90' lang='lat' dir='ltr'>apud</span> <span class='ocrx_word' id='word_1_194' title='bbox 813 3482 998 3546; x_wconf 92' lang='lat' dir='ltr'>hominem.</span> 
     </span>
    </p>
   </div>
   <div class='ocr_carea' id='block_1_5' title="bbox 0 0 1392 5040">
    <p class='ocr_par' dir='ltr' id='par_1_11' title="bbox 0 0 1392 5040">
     <span class='ocr_line' id='line_1_29' title="bbox 0 0 1392 5040; baseline 0 0"><span class='ocrx_word' id='word_1_195' title='bbox 0 0 1392 5040; x_wconf 95' lang='lat' dir='ltr'> </span> 
     </span>
    </p>
   </div>
  </div>
 </body>
</html>
