2858 5046
275 466 325 521 ur
346 467 432 536 uJus
453 465 653 522 uocruuns
673 464 948 522 creausus-u.
967 466 1036 535 ¹77·
1161 465 1220 535 105

610 932 722 1019 [trun]

378 1183 452 1260 DE
487 1180 957 1260 REGENERATIONF„

599 1430 728 1457 W

107 1544 182 1601 ¹⁷³·
260 1598 313 1666 UI
332 1620 401 1665 non
419 1600 525 1667 vitam
542 1600 752 1684 spiritualem
768 1600 902 1684 accipit,
915 1600 982 1665 hoc
1001 1609 1066 1677 est,
1080 1601 1137 1684 qui
1155 1621 1224 1665 non

287 1715 308 1760 e
323 1715 414 1760 novo
429 1705 613 1778 generatur
628 1715 648 1759 a
664 1695 824 1772 Domino,
841 1716 910 1760 non
927 1705 1044 1778 potest
1059 1697 1175 1761 venire
1190 1697 1225 1760 in

288 1789 442 1868 caelum;
466 1791 557 1873 quod
573 1790 676 1855 docet
693 1791 860 1854 Dominus
875 1790 965 1873 apud
981 1789 1181 1866 Jokannem,

295 1935 413 1996 “Amen,
424 1951 513 1997 amen,
524 1936 584 1987 dico
596 1937 653 1996 tibi,
663 1935 722 1987 Nisi
733 1937 793 2000 quis
804 1947 948 2001 generatur
959 1936 1056 1996 denuo,
1069 1950 1124 1986 uon
1136 1945 1225 2000 potest

352 2002 443 2052 videre
455 2016 567 2065 regnum
581 2000 653 2052 Μ’
664 2000 711 2062 (iii
724 2003 755 2065 3).

167 2151 261 2222 174.
290 2136 408 2202 Homo
426 2158 446 2201 a
467 2138 668 2221 parentibus
686 2157 756 2202 non
773 2137 928 2201 nascitur
947 2137 982 2200 in
1003 2136 1111 2200 vitarn
1130 2136 1226 2218 spiri·

109 2229 249 2306 malem,
262 2231 323 2295 sed
340 2231 373 2294 in
389 2231 496 2295 vitam
512 2229 713 2295 naturalem.
749 2229 834 2295 Vita
846 2228 1030 2312 spiritualis
1041 2239 1095 2293 est
1110 2247 1225 2292 amare

110 2324 222 2390 Deum
240 2345 341 2408 supra
359 2326 484 2401 omnia,
503 2335 539 2390 et
558 2343 672 2389 amare
691 2324 884 2407 proximum
904 2324 991 2388 sicut
1009 2324 1168 2406 seipsum,
1188 2331 1224 2387 et

107 2418 175 2483 hoc
205 2417 391 2484 secundum
419 2429 604 2502 praecepta
629 2417 717 2494 fidei,
741 2438 828 2500 quae
854 2418 1021 2481 Dominus
1047 2417 1082 2480 in
1108 2410 1226 2480 Verbo

108 2513 244 2577 docuit:
274 2512 347 2575 vita
372 2522 489 2577 autern
517 2512 681 2577 naturalis
710 2521 765 2577 est
791 2530 906 2577 amare
933 2533 970 2576 se
999 2521 1035 2577 et
1061 2511 1225 2575 mundum

108 2627 189 2690 prae
208 2606 377 2690 proximo,
396 2605 502 2671 immo
520 2627 601 2690 prae
620 2607 700 2690 Ipso
719 2607 804 2671 Deo.

168 2715 261 2786 175·
288 2700 529 2785 Unusquisque
542 2701 647 2766 homo
659 2704 812 2767 nascitur
826 2702 860 2765 in
875 2701 967 2766 mala
981 2701 1108 2765 amoris
1122 2699 1173 2763 sui
1188 2709 1226 2764 et

109 2794 228 2859 mundi
242 2814 262 2859 a
277 2795 346 2857 suis
362 2795 570 2874 parentibus.
612 2792 724 2859 Omne
738 2794 874 2868 malum,
891 2794 982 2876 quod
999 2813 1058 2876 per
1070 2792 1225 2856 habitum

108 2895 265 2952 traxerat
278 2889 372 2970 quasi
385 2897 553 2963 naturam,
567 2887 739 2952 derivatur
753 2889 787 2951 in
800 2888 931 2970 prolem
944 2907 951 2965 ;
971 2888 1020 2951 ita
1034 2887 1226 2951 successive

109 3000 129 3045 a
147 2981 356 3064 parentibus,
375 2982 419 3046 ab
437 2983 520 3057 avis,
536 2992 573 3047 et
591 2982 636 3046 ab
653 2982 765 3047 atavis
784 2981 890 3064 longa
907 2991 999 3045 retro
1015 2980 1122 3045 serie:
1145 2979 1226 3044 inde

108 3075 276 3139 derivatio
300 3074 381 3138 maii
403 3076 544 3139 tandem
568 3075 606 3141 fit
633 3086 744 3153 tanta,
768 3085 805 3141 ut
831 3095 933 3140 omne
955 3076 1047 3138 vitae
1072 3074 1226 3157 propriae

108 3167 257 3233 hominis
279 3188 348 3232 non
371 3171 415 3234 sit
439 3171 502 3233 nisi
523 3189 625 3252 quarn
648 3170 785 3234 malurn.
831 3170 1031 3233 Derivatum
1053 3167 1119 3232 hoc
1143 3187 1226 3232 con·

110 3264 242 3327 tinuurn
264 3282 334 3327 non
356 3263 522 3345 frangitur
547 3272 584 3328 et
609 3262 786 3340 alteratur,
809 3281 911 3346 quam
938 3282 998 3344 per
1019 3263 1126 3326 vitam
1149 3260 1227 3327 fidei

109 3367 146 3422 et
165 3357 343 3422 charitatis
362 3377 383 3420 a
401 3357 561 3422 Domino.

171 3454 266 3536 176.
295 3452 398 3533 Quod
419 3453 525 3516 homo
543 3473 589 3516 ex
609 3452 818 3517 hereditario
839 3451 959 3527 trahit,
974 3452 1018 3517 ad
1039 3451 1106 3517 hoc
1128 3453 1226 3518 incli-

111 3555 171 3610 nat
190 3545 363 3622 continue,
383 3555 419 3608 et
441 3544 476 3607 in
497 3544 563 3608 hoc
582 3545 726 3609 labitur:
750 3545 829 3610 inde
847 3545 920 3626 ipse
939 3543 1118 3610 confirmat
1136 3546 1227 3629 apud

111 3659 148 3704 se
176 3638 210 3703 id
237 3637 375 3714 malurn,
399 3648 435 3703 et
458 3659 592 3722 quoque
618 3659 664 3704 ex
689 3660 727 3703 se
753 3638 952 3722 superaddit
973 3638 1078 3721 plura.
1129 3638 1226 3705 Haec

111 3732 203 3796 mala
231 3742 311 3796 sunt
341 3753 478 3815 prorsus
507 3733 679 3797 contraria
707 3734 800 3798 vitae
830 3733 1014 3816 spirituali;
1046 3734 1227 3798 destruunt

111 3826 218 3890 illam:
238 3836 445 3910 quapropter
457 3825 520 3890 nisi
532 3825 636 3890 horno
648 3847 669 3890 a
681 3827 830 3891 Domino
839 3828 962 3909 accipit
972 3827 1079 3891 vitam
1090 3847 1226 3903 novam,

111 3941 197 4004 quae
215 3930 269 3985 est
287 3922 359 3984 vita
377 3920 569 4003 spiritualis,
587 3921 635 3985 ita
654 3922 716 3984 nisi
735 3941 754 3985 e
773 3940 863 3985 novo
882 3922 1081 4003 concipitur,
1099 3941 1118 3986 e
1137 3941 1226 3986 novo

112 4014 271 4090 nascitur,
291 4024 327 4079 et
349 4035 369 4078 e
388 4034 478 4078 novo
496 4014 672 4089 educatur,
691 4014 757 4078 hoc
776 4024 841 4090 est,
861 4035 880 4078 e
899 4034 989 4078 novo
1007 4025 1152 4091 creatur,
1172 4026 1225 4080 est

111 4109 313 4188 damnatus;
337 4128 417 4173 narn
430 4108 512 4173 nihii
528 4109 620 4173 aliud
632 4108 717 4184 vult,
732 4118 768 4174 et
784 4109 864 4172 inde
880 4108 962 4172 nihil
975 4109 1066 4173 aliud
1081 4108 1225 4192 cogitat,

112 4220 213 4286 quam
225 4202 316 4285 quod
331 4204 382 4266 sui
401 4213 436 4266 et
456 4203 572 4267 mundi
587 4211 652 4278 est,
666 4201 821 4266 similiter
836 4211 874 4267 ut
892 4202 1019 4267 faciunt
1035 4203 1069 4265 in
1084 4203 1226 4267 inferno.

170 4311 260 4381 177.
288 4296 402 4361 Nemo
414 4298 607 4381 regenerari
623 4307 741 4381 potest
756 4298 819 4360 nisi
835 4298 922 4361 sciat
938 4297 1023 4362 talia
1033 4318 1122 4380 quae
1134 4299 1226 4361 vitae

112 4410 232 4467 novae,
249 4390 315 4454 hoc
331 4399 396 4467 est,
410 4410 496 4474 quae
508 4391 599 4455 vitae
615 4389 799 4474 spiritualis
813 4399 903 4455 sunt.
945 4387 1043 4472 Quae
1054 4391 1147 4456 vitae
1164 4409 1227 4455 no·
