2776 5040
555 505 678 559 INDEX
701 504 838 558 ALTER.
1230 491 1253 555 li

220 673 263 727 De
275 672 400 740 reciproca
411 672 505 724 unione
516 673 606 724 amoris
619 681 644 725 et
655 673 788 740 sapientiae
802 688 850 750 sen*
861 672 921 724 boni
937 680 963 725 et
975 673 1027 724 veri
1042 673 1070 723 in
1087 673 1197 725 Domino
1215 674 1252 743 (ιι

268 750 303 816 36
313 757 416 813 [vean-
426 757 496 810 αντ.
505 770 526 800 ιι
536 759 569 809 ⁶0,
577 750 632 820 sul·

218 866 293 932 Quod
305 865 456 932 reciprocum
468 866 513 916 etit
524 874 550 916 ut
561 865 592 916 sit
602 866 662 916 unio
673 864 857 927 indissolubilis,
868 865 901 915 de
912 881 961 931 qua
974 867 1088 934 (Wustr,
1097 880 1125 917 ιι.
1134 865 1179 934 37)
1185 883 1193 926 ;

217 942 369 993 illustratam
380 958 425 1008 per
436 942 644 1008 comparationem
655 956 713 992 cum
724 951 811 992 catena
823 940 860 1011 (n.
868 941 901 1007 38
912 948 956 1004 [oe
963 952 1016 993 Au.
1026 950 1098 1001 w,
1107 962 1128 991 n.
1138 942 1193 1009 851).

217 1055 294 1123 Quod
309 1057 368 1107 unio
384 1056 428 1107 illa
444 1057 475 1108 sit
490 1056 558 1124 apud
574 1056 700 1106 bominem
717 1071 733 1106 a
750 1056 868 1118 Domino,
881 1064 907 1108 et
921 1056 990 1122 quod
1006 1056 1038 1108 sit
1051 1056 1174 1107 Dominus
1187 1057 1254 1124 apud

265 1132 337 1183 illum
349 1132 387 1201 (n.
399 1146 433 1199 39
446 1139 491 1194 [De
497 1140 549 1182 Am.
560 1140 629 1192 conj„
638 1153 659 1181 u.
668 1132 725 1201 901).

218 1247 293 1312 Quod
304 1247 364 1298 unio
374 1247 500 1314 reciproca
511 1247 542 1298 sit
552 1246 657 1298 Domini
667 1254 693 1298 et
702 1246 810 1298 bominis
824 1247 930 1316 (ostent,
941 1262 966 1298 ιι.
975 1246 1030 1316 4ο).

218 1363 293 1428 Quod
309 1362 452 1428 conjunctio
463 1364 590 1429 reciproca
603 1378 661 1413 cum
675 1362 786 1413 Domino
799 1363 842 1413 fiat
855 1379 899 1429 per
908 1363 944 1425 id,
955 1362 1024 1430 quod
1037 1363 1114 1413 bomo
1126 1364 1215 1416 seudat
1227 1364 1254 1415 id

267 1439 335 1506 quud
344 1439 427 1490 inmisit
436 1447 465 1490 ut
475 1455 547 1489 suum
560 1438 597 1509 (ιι.
605 1440 660 1507 4ο).

219 1555 295 1621 Quod
308 1569 395 1604 omnes
412 1554 517 1604 deliciae
530 1554 630 1604 trahant
642 1554 750 1619 origines
763 1569 794 1604 ex
808 1568 891 1604 amore
900 1553 1041 1614 wlunuds,
1054 1561 1079 1605 et
1091 1552 1255 1619 insigniuntur

267 1631 408 1681 nominibus
419 1630 470 1680 suis
481 1631 507 1679 in
521 1629 641 1696 sapientia
652 1629 793 1681 intelledius
805 1629 843 1699 (ιι.
854 1629 907 1697 77).

218 1745 293 1810 Quod
309 1760 379 1795 amor
395 1760 426 1795 ex
437 1743 554 1811 jucundis
569 1745 645 1806 vivat,
656 1744 693 1795 sic
709 1753 736 1795 ut
746 1744 885 1810 jucundum
901 1744 933 1796 sit
944 1744 996 1795 rita
1012 1744 1103 1795 amoris
1120 1743 1254 1814 (n.78[1)e

267 1830 319 1871 Aa.
329 1829 400 1880 ovz,
408 1841 430 1871 n.
441 1819 508 1887 4⁶11).

218 1935 292 2002 Quod
303 1936 383 1986 omnis
396 1950 465 1985 amor
474 1935 553 1986 trabat
564 1950 704 2001 supremam
714 1935 834 2000 originem
843 1951 874 1986 ex
884 1935 978 1986 Divino
986 1951 1069 1987 amore
1080 1934 1185 1987 Domini
1195 1952 1254 2002 erga

265 2026 343 2076 genus
354 2010 505 2071 bumanunu
519 2011 565 2062 sed
573 2011 641 2077 quod
651 2011 695 2061 illa
702 2011 770 2062 varie
780 2011 909 2061 obvelatur
919 2020 943 2062 et
954 2010 1104 2074 inflediatun
1118 2011 1163 2061 sed
1175 2027 1253 2078 usque

267 2088 334 2153 quod
346 2088 380 2138 ibi
391 2088 478 2138 intime
489 2087 528 2148 sit,
540 2095 565 2138 et
575 2088 618 2137 det
628 2102 738 2137 amorem
748 2087 912 2153 intelligendi,
923 2095 1018 2153 meter
1028 2087 1103 2171 plura·
1111 2087 1147 2156 (ιι.
1157 2087 1211 2157 79).

217 2202 291 2267 Quod
307 2217 378 2253 amor
393 2201 562 2268 progrediatur
573 2217 619 2267 per
634 2216 720 2252 causas
737 2201 770 2252 ad
786 2199 911 2263 effecium,
925 2209 949 2253 et
961 2201 995 2252 ad
1008 2200 1110 2253 eiiedlus
1125 2202 1253 2253 ulteriores

266 2278 388 2343 usque'ad
400 2278 527 2340 ultimum
545 2285 569 2329 et
580 2277 639 2328 inde
649 2277 713 2329 redit
724 2277 757 2327 ad
768 2277 883 2329 effectum
894 2277 1009 2344 primum,
1020 2279 1065 2330 sed
1078 2294 1129 2330 non
1140 2296 1184 2346 per
1195 2296 1252 2330 ean-

265 2353 323 2403 dem
339 2354 420 2415 viam;
444 2364 469 2405 et
485 2353 552 2419 quod
569 2354 605 2405 sic
622 2369 693 2404 amor
709 2353 801 2419 primus
816 2353 899 2405 videat
915 2369 942 2404 se
958 2355 986 2405 in
1001 2355 1108 2422 imagine
1126 2357 1152 2406 in
1168 2372 1252 2407 amore

265 2429 354 2492 altero3
374 2445 443 2480 amor
453 2430 547 2496 primus
557 2429 671 2496 producit
681 2429 725 2480 illa
737 2429 774 2499 (n.
783 2429 837 2499 80).

218 2543 350 2595 Circulatio
366 2545 411 2595 illa
423 2545 513 2594 amoris
526 2544 647 2595 illustrata
662 2560 708 2610 per
719 2544 903 2596 circulationem
916 2545 1041 2612 sanguinis
1054 2562 1068 2597 e
1080 2546 1155 2597 corde
1168 2546 1194 2596 in
1211 2561 1254 2597 oor

266 2636 311 2686 per
321 2635 418 2686 corpus,
430 2628 482 2671 turn
493 2636 538 2686 per
548 2620 693 2686 pulmonem
704 2622 739 2686 (ιι.
749 2619 798 2690 81).

218 2735 291 2800 Quod
304 2752 374 2786 amor
387 2736 418 2786 sit
432 2736 495 2798 finis,
507 2745 533 2787 et
546 2738 614 2804 quod
625 2736 737 2802 jucunda
749 2736 803 2802 ejus
816 2736 1004 2802 progrediantur
1013 2736 1077 2787 sicut
1092 2735 1156 2797 finis,
1170 2750 1251 2797 measa,

265 2821 290 2863 et
300 2811 416 2863 effecius:
434 2812 560 2878 quomodo
573 2828 600 2862 se
613 2812 688 2863 babet
700 2827 757 2862 cum
766 2812 882 2878 jucundis
894 2813 947 2878 ejus
962 2812 984 2862 si
997 2813 1134 2879 progrmio
1145 2812 1252 2878 interpo·

264 2888 328 2939 labar
339 2889 514 2954 (illustratam,
525 2904 550 2940 ιι.
559 2888 610 2955 82).
646 2890 725 2959 (Vide
735 2888 825 2958 finis.)

131 3027 211 3082 Amor
220 3028 585 3097 nullanus-Memorato,
597 3029 665 3095 quoa
675 3028 722 3079 vas
734 3028 809 3079 ulaine
821 3012 872 3078 nui
885 3028 968 3094 angen
981 3044 996 3079 a
1009 3028 1081 3080 raso
1091 3028 1162 3079 mero
1172 3029 1214 3095 qu
1225 3029 1252 3079 in

264 3120 347 3155 amore
356 3121 414 3155 vere
422 3106 555 3172 conjugiali
565 3114 645 3166 erant,
660 3105 819 3171 etdescripti:
837 3112 861 3155 et
870 3105 938 3172 quod
944 3104 1112 3155 membranam
1124 3105 1156 3156 de
1167 3120 1251 3156 amore

266 3188 398 3253 conjugiuii
409 3188 525 3254 scriptam
536 3188 678 3254 reliquerint
689 3187 726 3257 (n.
736 3201 747 3238 1
759 3194 803 3248 [De
810 3197 862 3238 Aue.
874 3196 944 3247 W„
952 3207 974 3237 n.
983 3208 1017 3246 aa,
1025 3188 1082 3255 ⁴³1)-

217 3306 291 3372 Quod
309 3322 377 3356 amor
388 3307 419 3357 sit
435 3306 518 3372 imago
530 3307 604 3356 unius
620 3305 646 3356 in
662 3305 748 3367 altero,
762 3320 814 3356 non
827 3305 910 3372 imago
922 3319 1042 3371 pmsonae
1054 3303 1100 3355 sed
1112 3303 1250 3371 qualitatis;

264 3383 332 3450 quod
343 3383 386 3434 bic
396 3398 467 3433 amor
477 3382 509 3433 sit
519 3383 641 3433 amicitiae
652 3382 687 3446 (n.
697 3380 752 3451 18);

217 3460 285 3511 luter
300 3459 418 3525 conjuges
434 3467 471 3510 est
484 3475 534 3509 non
548 3460 625 3510 modo
640 3459 723 3524 imago
737 3457 782 3508 sed
795 3457 869 3508 etiam
882 3456 1025 3520 similitudo,
1038 3473 1103 3525 qnae
1118 3456 1209 3509 residet
1225 3457 1252 3508 in

265 3536 364 3586 illorum
375 3535 513 3597 animabus,
524 3542 549 3586 et
559 3551 586 3586 se
597 3535 737 3586 maniiatat
747 3536 774 3585 in
785 3535 858 3586 variis
868 3534 895 3584 in
906 3534 1163 3603 corpore(n.18,19).

217 3649 291 3716 Quod
304 3649 364 3701 inde
374 3650 413 3700 vir
425 3657 544 3715 agnoscet
559 3649 626 3716 quod
643 3665 688 3700 sua
701 3664 763 3699 uxor
774 3648 862 3710 futura,
876 3657 901 3700 et
914 3647 982 3716 quod
994 3649 1057 3699 baec
1072 3648 1208 3699 similitudo
1224 3664 1251 3699 se

263 3725 401 3777 maniseaet
413 3727 589 3794 (alluseratum,
600 3741 625 3776 ιι.
634 3727 688 3794 20).

217 3851 291 3916 Quor
299 3849 1250 3919 pmnnnnoomtnnnesonjlgin(nqua‚n.21[nsa.c0,a,n.a,1).

216 3977 387 4036 Memorabile,
398 3977 466 4042 quod
477 3984 671 4043 repraesentatae
682 3976 730 4027 sint
741 3975 846 4026 deliciae
857 3975 949 4025 amoris
959 3990 1017 4025 rere
1028 3973 1182 4040 coniugialia,
1193 3988 1251 4025 cum

263 4053 388 4113 flammeo,
396 4067 454 4102 cum
465 4053 595 4114 coloribus,
604 4067 662 4102 cum
672 4051 817 4118 fragnnuis,
826 4065 883 4101 cum
894 4050 992 4111 florefie,
1000 4065 1058 4101 cum
1068 4050 1182 4111 arbuteis,
1193 4064 1251 4101 cum

262 4128 455 4274 repvbtilibuma)et
473 4143 530 4179 cum
546 4128 707 4189 animalibus,
729 4143 794 4194 quae
810 4126 980 4178 describuntur
997 4125 1247 4195 (n29,3o[1>e.4n.

216 4327 257 4379 De
267 4329 388 4396 conjugiis
398 4330 425 4380 iu
436 4328 506 4381 caelo
518 4328 556 4400 (n.
567 4341 633 4395 a-30
643 4335 687 4390 [Do
692 4339 745 4378 Asu,
756 4335 826 4388 ov..
835 4346 856 4377 ιι.
866 4326 959 4394 wi)

216 4452 257 4504 De
267 4454 362 4521 origine
373 4453 464 4506 amoris
474 4454 621 4521 oonjnglalis
633 4456 670 4522 (ιι.
679 4452 757 4519 31-76
768 4460 812 4515 [De
819 4460 871 4502 Ans.
881 4459 952 4512 aaa,
960 4471 981 4500 n
991 4448 1101 4520 ursani).
