2776 5040
564 493 616 546 na
637 492 869 547 ennarrans.
1232 497 1272 569 33

143 679 228 723 usus
249 659 378 725 iaciunt
397 670 468 724 tam
491 663 660 725 communi
683 681 784 744 quam
807 662 948 745 singulis
969 663 1004 728 in
1026 665 1207 740 communi,
1224 665 1273 731 ita

142 754 327 835 proximo;
351 763 387 817 et
408 752 467 818 illa
480 753 607 819 iaciunt
622 757 782 819 continue
797 757 877 821 dum
889 756 1053 838 judicant,
1070 759 1174 822 etiam
1189 760 1270 823 dum

144 867 217 912 non
237 847 401 929 judicant,
426 848 502 930 quia
524 849 680 930 cogitant
703 870 747 912 ex
767 849 879 931 justo;
903 849 1085 933 loquuntur
1099 852 1203 915 etiarn
1225 873 1271 915 ex

140 939 247 1022 justo,
264 951 300 1005 et
322 941 448 1005 iaciunt
470 962 515 1005 ex
534 942 647 1023 just03
670 941 798 1024 justum
817 943 905 1006 enim
922 953 975 1008 est
997 941 1182 1008 affediionis
1197 943 1272 1008 illo·

145 1054 232 1110 rum,
249 1046 285 1099 et
300 1035 334 1098 in
350 1034 512 1117 spirituali
527 1055 628 1099 sensu
644 1047 697 1099 est
713 1037 897 1118 proximus.
941 1035 1067 1120 [Judex
1079 1036 1203 1121 justus]
1217 1036 1270 1120 ju·

146 1127 241 1193 dicat
257 1148 376 1192 omnes
391 1148 437 1192 ex
448 1127 542 1210 justo
554 1138 589 1192 et
605 1129 703 1192 simul
720 1150 839 1211 aequo,
856 1131 933 1212 quia
949 1150 1016 1194 non
1032 1132 1178 1213 separari
1194 1151 1272 1213 pos-

146 1232 249 1300 sunt;
271 1223 376 1286 etiam
392 1232 472 1287 tunc
485 1221 616 1304 judicat
639 1243 684 1286 ex
708 1222 796 1304 lege,
812 1224 891 1304 quia
907 1225 1018 1287 omnis
1040 1223 1098 1287 lex
1121 1243 1181 1306 pro
1204 1223 1270 1288 fine

145 1315 253 1380 habet
276 1325 475 1397 utrumque,
492 1316 590 1380 etsie
607 1316 735 1380 dirimit
759 1315 866 1390 litem,
883 1317 963 1380 dum
978 1327 1112 1381 astutus
1128 1328 1270 1382 conatur

146 1409 236 1492 legis
251 1428 387 1473 sensum
404 1420 607 1491 pervertere.
652 1410 691 1472 In
703 1409 885 1491 judicando
901 1407 1054 1492 spectare
1075 1411 1267 1487 amicitiam,

146 1513 208 1567 aut
238 1503 376 1577 donum,
400 1513 459 1567 aut
492 1501 705 1577 affinitatem,
730 1512 788 1567 aut
821 1501 1069 1579 audioritatem,
1096 1514 1155 1569 aut
1178 1504 1267 1568 aliud

147 1596 428 1671 emolumenturn,
452 1616 552 1680 quam
570 1606 605 1661 ut
629 1597 767 1679 quisque
783 1598 838 1679 qui
860 1599 1045 1661 secundum
1069 1597 1163 1680 leges
1185 1600 1268 1664 vivit

145 1699 241 1754 tutus
256 1691 311 1765 sit,
328 1710 389 1772 pro
405 1700 548 1772 peccato
563 1699 719 1772 reputat;
735 1699 771 1754 et
787 1710 918 1773 quoque
935 1692 961 1754 si
974 1689 1063 1771 juste
1076 1690 1214 1772 judicat.
1231 1702 1267 1756 et

142 1783 276 1866 justitia
289 1803 357 1847 non
369 1783 412 1846 sit
425 1784 534 1865 primo
550 1783 636 1862 loco,
649 1784 709 1847 sed
719 1785 878 1847 secundo.
920 1783 1049 1866 Judicia
1057 1783 1176 1866 judicis
1187 1783 1268 1867 justi

145 1878 229 1942 sunt'
237 1878 352 1941 omnia
363 1876 548 1952 charitatis,
561 1878 664 1941 etiarn
680 1878 760 1940 dum
776 1876 937 1941 muletam
954 1888 1011 1941 aut
1028 1897 1172 1960 poenam
1184 1880 1267 1943 irro-

144 1981 207 2055 gat
222 1972 377 2035 sontibus
393 1970 509 2049 malis;
533 1971 579 2035 sic
596 1972 685 2034 enim
701 1971 860 2034 emendat
877 1970 963 2046 illos,
976 1981 1011 2036 et
1027 1982 1207 2053 praecavet
1223 1993 1265 2037 ne

144 2062 397 2128 1¹1malesaciant
419 2065 609 2129 insontibus
624 2063 708 2139 aliis,
724 2066 779 2147 qui
795 2075 874 2128 sunt
890 2066 1063 2147 proximus
1076 2087 1084 2143 ;
1106 2076 1160 2130 est
1175 2066 1265 2131 enim

145 2160 233 2224 sicut
255 2168 354 2240 pater
369 2159 425 2241 qui
447 2158 475 2222 si
496 2168 590 2223 amat
612 2158 736 2223 liberos
752 2159 900 2241 castigat
921 2158 998 2223 illos
1016 2159 1096 2222 dum
1112 2158 1203 2223 mala
1215 2158 1265 2224 ia·

146 2253 249 2318 ciunt

149 2436 202 2502 [5.]
231 2434 350 2488 marim
365 2434 437 2502 opud
451 2434 544 2488 ducem
562 2435 699 2488 exercitur.

207 2563 270 2625 Per
297 2561 418 2624 ducem
444 2562 616 2625 exercitus
650 2561 851 2644 intelligitur
877 2582 1052 2645 supremus
1082 2562 1162 2645 ejus,
1189 2563 1260 2627 sive

145 2658 188 2721 sit
213 2656 303 2730 Rex,
328 2656 398 2718 sive
421 2654 596 2729 archidux,
620 2657 690 2718 sive
713 2656 784 2719 dux
807 2677 852 2719 ex
877 2656 943 2720 illis
966 2657 1183 2731 constitutus,
1207 2658 1263 2739 qui

145 2769 294 2814 summas
309 2758 415 2813 tenet.
460 2747 534 2823 Ille,
551 2749 578 2811 si
593 2746 726 2830 spectat
742 2750 785 2812 ad
810 2750 993 2813 Dominum
1009 2760 1044 2813 et
1067 2749 1151 2832 fugit
1174 2749 1264 2813 mala

143 2853 180 2908 ut
196 2854 351 2926 peccata,
367 2852 403 2907 et
419 2842 445 2905 si
461 2843 600 2917 sincere,
613 2841 704 2923 juste
719 2853 754 2906 et
777 2841 921 2906 fideliter
936 2844 1007 2924 agit
1029 2844 1063 2906 in
1085 2844 1184 2906 rebus
1200 2844 1261 2906 du·
1286 2902 1292 2909 .

142 2948 241 3002 catus
262 2946 297 3001 et
320 2937 490 3019 regiminis
505 2936 565 3010 sui,
581 2937 672 3000 bona
687 2957 764 2998 usus
780 2957 865 3018 quae
881 2945 960 2999 sunt
982 2936 1072 2999 bona
1088 2936 1262 3000 charitatis

139 3031 243 3109 iacit3
269 3039 305 3092 et
327 3028 616 3112 quia1²1perpetu0
633 3030 817 3094 meditatur
831 3028 898 3105 illa,
917 3029 1033 3093 studet
1055 3029 1131 3104 illis,
1148 3038 1184 3093 et
1199 3050 1261 3093 ex·

138 3135 237 3190 ercet
259 3124 327 3199 illa,
351 3123 389 3189 fit
412 3124 567 3187 charitas.
612 3122 657 3197 Is,
682 3124 709 3186 si
733 3124 811 3186 Rex
835 3132 898 3198 est,
918 3132 976 3187 aut
993 3123 1168 3197 archidux,
1193 3143 1261 3186 non

134 3228 237 3283 amat
260 3218 386 3281 bellum
402 3218 462 3281 sed
485 3236 615 3299 pacem,
632 3226 667 3280 et
684 3219 842 3280 continue
865 3218 898 3279 in
921 3215 1012 3280 bello
1034 3226 1127 3281 amat
1149 3215 1261 3296 illam;

135 3331 212 3377 non
227 3312 290 3376 init
302 3311 428 3375 bellurn
445 3311 506 3374 nisi
522 3322 660 3392 propter
672 3310 815 3373 tutelam
832 3311 970 3392 patriae,
983 3311 1032 3374 ita
1047 3330 1115 3372 non
1131 3319 1184 3374 est
1200 3330 1261 3392 ag·

132 3425 279 3490 gressor
294 3405 354 3468 sed
370 3404 545 3481 desens0r;
570 3413 689 3485 postea
705 3425 795 3477 vero,
812 3424 888 3467 cum
911 3403 1038 3468 bellum
1061 3404 1180 3468 initum
1196 3413 1260 3478 est,

132 3499 248 3565 etiam
263 3507 317 3562 est
332 3518 522 3581 aggressor,
540 3498 620 3562 dum
640 3499 815 3578 aggressio
831 3508 883 3561 est
903 3497 1061 3561 defensio.
1107 3496 1146 3560 ln
1163 3516 1260 3578 proe-

133 3592 205 3668 liis,
217 3593 245 3655 si
261 3612 329 3655 non
345 3592 443 3656 aliter
459 3602 558 3655 natus
574 3593 627 3667 sit,
641 3603 694 3655 est
710 3591 807 3654 sortis
819 3601 854 3654 et
870 3602 1046 3668 strenuus3
1069 3599 1147 3671 post
1164 3609 1261 3671 proe-

134 3686 225 3752 lium
239 3687 329 3749 mitis
341 3696 376 3751 et
389 3687 609 3749 miserescens
621 3706 628 3761 ;
653 3687 685 3747 in
699 3683 834 3764 proeliis
846 3684 919 3749 vult
932 3685 959 3747 si
975 3694 1090 3766 potest
1107 3683 1161 3746 leo
1173 3703 1259 3760 esse,

134 3790 224 3864 post
240 3780 402 3862 proelium
419 3790 533 3843 autem
549 3780 631 3842 ovis.
676 3778 772 3841 Intus
795 3778 827 3840 in
851 3796 971 3839 senon
987 3786 1068 3840 ovat
1083 3797 1128 3839 ex
1145 3785 1260 3858 strage

133 3874 293 3940 hostium
309 3883 344 3936 et
361 3894 405 3936 ex
421 3873 549 3936 honore
561 3869 730 3945 vidioriae,
744 3871 804 3933 sed
817 3891 861 3932 ex
875 3871 1003 3952 patriae
1015 3880 1050 3933 et
1066 3888 1200 3933 suorum
1216 3871 1260 3933 ibi

136 3968 343 4033 liberatione
360 3967 403 4029 ab
418 3967 590 4029 invasione
606 3966 764 4038 hostiurn,
778 3974 814 4029 et
836 3964 914 4027 inde
931 3964 1076 4044 pernicie
1091 3972 1149 4025 aut
1172 3963 1260 4026 inte·

137 4063 219 4126 ritu.
264 4059 351 4140 Agit
375 4060 567 4141 prudenter,
585 4057 730 4122 consulit
753 4056 898 4121 fideliter
913 4056 1076 4120 exercitui
1091 4076 1153 4118 suo
1174 4057 1260 4120 sicut

138 4153 383 4236 paterfamilias
399 4153 509 4217 liberis
525 4163 560 4216 et
575 4152 715 4224 famulis,
729 4160 822 4215 amat
837 4150 923 4223 illos,
934 4168 1099 4231 quemque
1111 4149 1197 4212 sicut
1212 4148 1260 4212 sa-

140 4247 191 4311 cit
220 4267 305 4328 opus
334 4265 429 4309 suum
458 4247 587 4309 sincere
610 4254 645 4309 et
668 4256 823 4307 strenue:
859 4251 993 4324 praeter
1015 4241 1109 4322 plura
1131 4241 1260 4305 similia.

140 4339 287 4407 Astatia
300 4340 391 4424 apud
406 4339 499 4404 illum
516 4359 584 4404 non
598 4349 651 4404 est
667 4339 792 4403 astutia
807 4337 866 4402 sed
883 4336 1070 4419 prudentia
