2776 5040
139 459 198 526 272
457 457 509 509 222
531 456 636 510 novi
658 456 938 511 umnosonvira

188 625 277 699 Quod
296 636 365 697 post
382 626 548 682 unitionem
569 625 710 682 Divinum
730 626 840 682 Verum
860 627 1005 698 prooedat
1023 643 1044 683 a
1064 626 1202 686 Domino
1220 632 1259 699 (22.

136 707 335 767 norsum
389 698 1050 783 24577,⁵70474m812728241o¹9n939⁸l

187 765 347 840 Quomodo
390 783 501 822 turnum
516 768 627 821 Verum
640 768 774 837 procedit
789 769 993 834 (illustratum,
1006 784 1035 823 n.
1048 781 1130 836 7276,
1142 769 1234 841 9467).

188 897 252 954 Nisi
273 897 414 954 Divinum
428 897 531 954 luisset
550 899 579 953 in
600 896 743 953 Humano
758 897 879 953 Domini
894 915 931 954 ex
949 900 1161 971 conceptione,
1174 898 1251 971 quod

48 1011 57 1028 .
136 966 309 1024 Humanum
323 986 381 1024 non
393 970 539 1039 potuisset
552 969 629 1023 uniri
643 969 697 1039 ipsi
710 968 828 1029 Divino,
839 971 879 1024 ob
890 970 1030 1025 ardorem
1040 969 1153 1025 infiniti
1164 970 1252 1025 Amo·

135 1039 183 1101 ris,
197 1038 226 1092 in
239 1056 300 1110 quo
312 1051 358 1094 est
370 1040 466 1110 ipsum
481 1038 623 1093 Divinum
638 1042 678 1107 (22.
690 1039 782 1107 6849).

188 1107 277 1234 guod
294 1108 361 1192 ideo
377 1125 522 1180 nusquam
537 1109 643 1191 aliquis
655 1111 778 1208 angelus
790 1108 976 1192 uniri'possit
991 1109 1047 1180 ipsi
1062 1106 1185 1171 Divino.
1198 1108 1248 1164 nisi

135 1179 172 1234 ad
211 1190 360 1234 istantram
376 1190 406 1235 et
425 1196 477 1251 per
491 1180 725 1242 obvelationem.
747 1179 827 1250 quod
843 1181 954 1250 alioqui
969 1191 1200 1235 consumeretur
1213 1184 1247 1248 (n.

135 1249 277 1444 684ζΞίιοα
292 1318 418 1375 Divinus
431 1319 526 1373 Amor
537 1318 606 1374 nus
618 1319 658 1373 sit
672 1321 712 1388 (n.
725 1318 816 1385 2622).
926 1389 966 1403 ..
1138 1390 1145 1404 ι
1194 1389 1202 1403 .

205 1390 263 1444 nde
281 1400 417 1472 constare
436 1400 537 1472 potest
550 1389 631 1460 quod
652 1388 825 1443 Humanum
846 1388 967 1443 Domini
986 1405 1049 1445 non
1068 1388 1161 1445 luent
1178 1398 1246 1446 sicut

136 1459 387 1585 humanoffizuf
400 1460 700 1585 hi'ffl'ffiaffi,
709 1458 902 1583 imm
940 1528 994 1590 ius.
1005 1545 1067 1585 non
1081 1528 1248 1586 lueritsicut

136 1529 309 1662 2623122666,
322 1600 375 1682 sed
387 1547 465 1682 giscut
478 1601 555 1654 inter
566 1570 694 1654 animam
708 1546 739 1653 gt
751 1615 859 1682 corpus
874 1545 1005 1682 (3737,
1021 1599 1131 1669 26824).
1224 1670 1231 1683 ι

135 1740 173 1796 de
187 1668 685 1809 fflffngngggoeffiffiffifflffi?
696 1669 817 1724 Domini
828 1685 895 1724 cum
907 1668 1028 1732 Divino,
1038 1680 1070 1724 at
1079 1669 1263 1741 conjunctio

135 1920 228 1982 3⁰3·
255 1909 340 1981 Quod
347 1912 389 1963 sic
400 1910 542 1964 Demitur
554 1909 725 1963 Humanum
737 1927 821 1963 suum
834 1910 980 1964 Divinum
983 1910 1105 1983 secem,

188 2025 277 2110 Quod
293 2025 465 2082 Humanum
483 2025 603 2081 Domini
616 2027 655 2081 sit
676 2025 826 2088 Divinum,
839 2027 910 2097 quia
920 2042 957 2081 ex
975 2026 1048 2083 Esse
1062 2027 1162 2084 Patris
1173 2027 1308 2100 quod

137 2095 196 2168 Ipsi
211 2098 320 2152 Anima
330 2098 522 2166 (illustratum
529 2098 817 2167 persrirn'litudinem
825 2101 927 2167 patris
938 2100 971 2150 in
983 2098 1091 2161 liberr's,
1102 2115 1132 2153 n.
1146 2084 1308 2169 26276[ἷ.

139 2168 360 2308 ¹⁰²6E9tLq¹ui31⁷e²⁹x
368 2167 486 2292 Ι2222222326
499 2237 618 2299 Amore,
631 2238 683 2320 qui
696 2238 728 2320 in
741 2236 811 2308 Ipso
825 2242 864 2319 (n.
877 2237 969 2306 6872).

188 2308 277 2381 Quod
294 2325 370 2364 unus
391 2323 495 2378 uisque
510 2308 601 2362 homo
620 2318 659 2363 sit
677 2309 745 2362 talis
760 2309 856 2378 qualis
871 2309 936 2378 ejus
952 2323 1046 2370 amor,
1062 2318 1094 2364 et
1113 2309 1197 2379 quod
1214 2309 1303 2365 sifl'

135 2394 206 2434 suus
218 2395 303 2433 amor
317 2382 356 2446 (n.
369 2325 447 2443 2872,
464 2391 555 2443 10177‚
572 2378 676 2445 26284).

219 2450 277 2504 22622
292 2449 438 2503 Dominus
452 2447 539 2502 luerit
554 2447 679 2502 Divinus
693 2448 788 2502 Amor
801 2450 840 2515 (n.
855 2461 931 2514 2677,
943 2449 1033 2517 2253).

218 2520 277 2573 uod
294 2519 439 2573 Dominus
453 2535 541 2572 omne
556 2517 737 2579 Humanum,
747 2529 808 2572 tam
823 2519 970 2572 internum
981 2534 1072 2589 quam
1085 2530 1286 2575 externuma

136 2588 238 2644 lecerit
255 2590 394 2643 Divinum
411 2593 450 2656 (22.
468 2590 541 2657 2663,
558 2589 632 2656 2825,
650 2603 723 2656 2962,
740 2589 814 2656 2926,
830 2603 905 2657 2693,
920 2588 1010 2656 2863).

189 2660 276 2732 Quod
291 2660 358 2714 ideo
368 2660 467 2730 quoad
480 2670 578 2713 26222222
590 2658 704 2728 Corpus
716 2660 913 2720 resurrexerit,
924 2675 1009 2713 secus
1021 2674 1055 2712 ac
1069 2659 1149 2713 ullus
1161 2659 1249 2714 homo
1258 2659 1308 2700 6

138 2733 177 2796 (22.
195 2743 268 2799 2729,
283 2730 360 2798 2683,
375 2730 449 2799 5678,
468 2730 572 2797 26825).

188 2800 276 2884 Quod
298 2799 469 2854 Humanum
491 2799 611 2853 Domini
628 2799 666 2852 sit
682 2798 830 2856 Divinum.
846 2799 1017 2870 agnoscitur
1034 2814 1072 2853 ex
1085 2799 1249 2870 omniprae·
1277 2812 1308 2829 ‘

135 2883 230 2926 sentia
246 2869 376 2925 Humani
392 2870 487 2940 Ipsius
501 2871 530 2923 in
545 2869 634 2923 Sacra
647 2869 728 2923 Cena
742 2872 781 2935 (n.
796 2883 872 2937 2343,
887 2871 976 2937 2359).
1068 2898 1074 2911 ·

190 2941 227 2995 Et
239 2943 318 3011 quod
333 2952 433 3011 pateat
445 2957 481 2994 ex
493 2939 754 2994 transformatione
770 2938 865 3008 Ipsius
877 2955 976 2993 coram
989 2939 1085 2994 tribus
1097 2939 1249 3010 discipulis

135 3015 175 3080 (n.
190 3014 280 3151 {¹3¹
321 3097 358 3136 ue
370 3098 407 3136 ex
421 3080 520 3135 Verbo
535 3082 575 3147 (n.
589 3081 694 3148 26254).

189 3152 226 3207 Et
240 3168 279 3222 qu
335 3153 450 3206 dicatur
463 3152 501 3204 ibi
516 3150 651 3221 Jehovah
667 3152 705 3217 (n.
723 3150 796 3218 2663,
814 3149 887 3218 2736,
902 3149 975 3218 2825,
991 3162 1066 3218 2962,
1081 3163 1160 3218 2922,
1174 3161 1247 3218 3635,

137 3236 212 3292 5226,
225 3223 303 3291 6363,
315 3222 393 3284 6282,
407 3222 484 3286 8864
497 3236 574 3290 9294,
588 3222 679 3289 9325).

187 3292 276 3364 Quod
296 3293 325 3346 in
344 3308 432 3346 sensu
446 3293 561 3346 litterae
573 3291 774 3361 distinguatur
793 3291 870 3344 inter
889 3289 1006 3344 Patrem
1025 3299 1055 3344 et
1068 3288 1185 3351 Filium,
1198 3305 1248 3344 seu

133 3363 277 3434 Jehovam
290 3373 321 3417 et
335 3362 505 3422 Dominum,
519 3362 570 3416 sed
585 3378 644 3415 non
662 3362 690 3414 in
706 3377 793 3415 sensu
808 3360 897 3415 Verbi
915 3360 1039 3421 interno,
1049 3360 1084 3413 in
1102 3375 1165 3430 quo
1179 3370 1248 3415 sunt

134 3434 230 3505 angeli
244 3433 316 3487 66612
332 3435 371 3500 (22.
386 3434 475 3502 3635).

217 3504 275 3558 uod
284 3502 555 3558 Christianusorbis
564 3501 736 3556 Humanum
747 3499 867 3555 Domini
878 3515 937 3554 non
947 3498 1089 3553 Divinum
1098 3511 1248 3571 agnosmt,

133 3590 173 3645 qu
234 3572 343 3627 2226222222
360 3574 398 3627 sit
418 3573 446 3627 222
467 3572 602 3628 Concilio
615 3583 735 3642 propter
750 3571 867 3641 Papam,
888 3582 922 3624 ut
943 3586 997 3640 pro
1017 3570 1130 3624 vicario
1152 3570 1248 3642 ipsius

133 3655 343 3716 agnosceretur
356 3654 403 3712 lex
415 3644 524 3714 loquela
536 3661 600 3696 cum
613 3643 674 3695 illis
685 3646 717 3694 in
730 3643 825 3696 altera
839 3644 910 3701 wia,
925 3657 952 3694 n.
965 3640 1057 3708 4738).

186 3775 275 3900 pund
293 3774 433 3829 Divinum
450 3773 622 3828 Humanum
637 3772 675 3826 ab
689 3783 812 3827 aeterno
828 3771 915 3825 luerit
932 3769 1073 3825 Divinum
1090 3771 1203 3825 Verum
1219 3771 1247 3824 222

133 3863 184 3902 cae
196 3864 222 3905 0.
238 3847 278 3900 ita
292 3845 432 3899 Divinum
450 3844 588 3903 Existere.
602 3844 683 3914 quod
698 3853 801 3912 postea
813 3842 843 3895 in
862 3841 992 3895 Domino
1004 3839 1116 3894 2226222222
1131 3853 1179 3897 est
1198 3841 1249 3896 Di·

133 3918 234 3970 vinum
253 3916 332 3975 Esse,
348 3932 366 3969 a
383 3931 444 3986 quo
464 3915 605 3968 Divinum
627 3913 760 3967 Existere
780 3913 808 3965 in
828 3913 910 3966 caelo
930 3916 969 3978 (n.
986 3911 1062 3979 3662,
1075 3912 1157 3972 6286,
1171 3912 1249 3971 6886,

138 4003 169 4041 26
187 4001 202 4053 7
221 3990 242 4043 l.

172 4002 287 4112 ⁵§gertus
300 4057 372 4111 caeli
387 4056 474 4125 prius.
487 4055 583 4126 qualis
597 4058 636 4121 (22.
650 4053 829 4122 6372-6373).

185 4128 274 4200 Quod
287 4127 427 4181 Divinum
440 4143 497 4180 non
546 4126 697 4195 rceptibile
711 4125 752 4178 ita
761 4141 816 4178 nec
826 4122 995 4192 receptibile
1003 4120 1099 4183 luerit.
1111 4123 1169 4177 nisi
1181 4139 1249 4178 cum

132 4200 269 4254 transivit
282 4199 396 4253 caelum
414 4202 453 4262 (22.
521 4211 543 4255 2,
556 4197 633 4263 6996,
649 4197 738 4260 7664).

185 4269 274 4342 Quod
295 4267 441 4323 Dominus
459 4269 496 4320 ab
515 4278 644 4326 aeterno.
661 4265 749 4320 luerit
769 4263 910 4318 Divinum
928 4263 1039 4317 Verum
1058 4263 1088 4316 222
1103 4265 1190 4320 caelo
1209 4266 1249 4331 (n.

133 4341 210 4409 2⁸0³·
225 4340 405 4421 31923794)
535 4409 541 4420 ,

185 4410 275 4483 Quod
288 4410 318 4465 id
331 4419 370 4464 sit
382 4407 473 4464 Filius
487 4407 542 4463 Der
557 4418 644 4462 natus
656 4408 694 4462 ab
706 4416 828 4461 aeterno
841 4407 881 4473 (22.
896 4403 972 4465 2628,
986 4403 1078 4472 2798).
