2776 5040
136 469 177 539 54
274 455 277 459 ’
543 470 593 521 nn
615 469 845 522 cunnum.

134 637 241 718 prium
253 635 397 700 hominis
410 657 469 719 per
478 638 704 702 reversionem
716 638 809 702 illam
820 636 944 703 fabium
957 640 1002 704 sit
1015 660 1108 704 mere
1118 640 1245 714 malum,

134 741 186 795 est
199 730 342 794 alterum
355 730 501 794 medium
512 733 773 813 recuperationis
785 734 939 815 imaginis
952 734 1029 812 Dei,
1038 735 1153 817 fugere
1165 735 1252 799 mala

134 834 171 888 ut
188 834 350 906 peccata;
372 844 450 887 nam
467 827 494 888 si
509 845 578 889 non
592 825 677 907 sugit
693 826 783 889 mala
798 837 834 891 ut
850 838 1003 909 peccata,
1020 830 1082 892 sed
1098 829 1200 893 modo
1213 837 1248 891 ut

134 919 268 993 damna,
281 938 385 1001 usque
400 938 468 981 non
480 916 613 999 spectat
628 919 671 982 ad
688 919 872 984 Dominum
887 922 948 985 sed
963 922 1008 985 ad
1022 933 1144 997 semet,
1156 932 1191 986 et
1205 923 1250 984 sic

134 1021 310 1093 permanet
330 1012 364 1074 in
380 1021 472 1075 statu
488 1032 665 1093 perverso;
689 1013 768 1076 dum
785 1026 898 1078 autem
914 1014 999 1097 sugit
1015 1016 1106 1080 mala
1121 1026 1158 1079 ut
1174 1035 1249 1098 pec·

134 1114 222 1179 cata,
238 1105 322 1187 fugit
345 1104 402 1168 illa
420 1106 496 1188 quia
510 1117 590 1170 sunt
612 1117 732 1170 contra
754 1107 937 1172 Dominum
959 1119 996 1175 et
1015 1118 1139 1174 contra
1160 1108 1250 1192 leges

136 1197 276 1261 Divinas
291 1199 408 1281 Ipsius,
422 1210 457 1264 et
474 1210 554 1265 tunc
570 1201 737 1282 supplicat
752 1202 796 1265 ad
813 1202 996 1266 Dominum
1012 1203 1055 1268 de
1069 1223 1138 1285 ope
1152 1213 1188 1269 et
1209 1204 1250 1267 de

135 1293 290 1373 potentia
311 1293 489 1357 resistendi
512 1294 587 1369 illis,
604 1314 689 1376 quae
711 1296 868 1376 potentia
884 1296 1074 1378 supplicata
1089 1317 1251 1380 nusquam

136 1396 299 1467 negatur;
322 1406 382 1468 per
396 1388 479 1451 haec
496 1388 563 1452 duo
581 1389 691 1452 media
707 1388 898 1470 purificatur
912 1390 1016 1454 homo
1037 1410 1058 1454 a
1081 1390 1178 1454 malis
1193 1392 1252 1456 sibi

135 1481 304 1558 connatis3
326 1502 428 1564 quare
444 1483 471 1545 si
486 1482 544 1546 illa
558 1482 626 1546 duo
641 1483 752 1546 media
768 1502 836 1546 non
847 1481 1074 1564 amplectitur,
1090 1504 1161 1548 non
1175 1495 1250 1567 pot·

136 1583 189 1637 est
212 1573 309 1639 aliter
324 1595 424 1658 quam
446 1595 581 1639 manere
596 1576 702 1657 qualis
723 1586 823 1640 natus
841 1587 914 1654 est;
937 1597 1006 1640 non
1029 1588 1147 1659 potest
1169 1581 1253 1661 puri·

135 1665 261 1731 ficaria
283 1669 380 1732 malis
396 1670 423 1732 si
439 1669 547 1733 solum
563 1667 696 1751 spectat
712 1669 754 1733 ad
771 1670 882 1733 Deum
897 1681 933 1734 et
948 1681 1044 1749 orat3
1068 1681 1150 1736 tunc
1165 1674 1251 1738 enim

135 1762 242 1826 credit
257 1773 438 1846 postquam
453 1774 609 1827 oraverat
625 1763 715 1846 quod
730 1783 864 1845 prorsus
879 1764 1006 1847 absque
1023 1767 1183 1846 peccatis,
1196 1786 1252 1830 seu

135 1855 224 1937 quod
247 1857 396 1933 remissa,
412 1876 471 1937 per
492 1858 583 1939 quod
604 1857 765 1939 intelligit
788 1858 877 1939 quod
899 1858 968 1921 sint
990 1858 1127 1923 ablata:
1150 1869 1187 1925 at
1207 1861 1251 1925 sic

135 1969 238 2031 usque
255 1960 369 2014 manet
385 1952 418 2014 in
434 1950 517 2028 illis;
540 1961 576 2014 et
592 1971 726 2015 manere
743 1953 775 2014 in
792 1951 856 2014 illis
870 1961 924 2015 est
939 1971 1064 2033 augere
1080 1952 1160 2031 illa;
1176 1972 1250 2018 nam

134 2054 213 2107 sunt
229 2045 334 2108 instar
350 2045 456 2109 morbi
479 2046 534 2128 qui
556 2046 680 2109 circum
697 2066 732 2109 se
748 2046 901 2126 depascit
920 2047 1033 2109 omnia
1055 2056 1091 2110 et
1115 2045 1252 2111 mortifi-

135 2147 210 2215 cat3
238 2158 299 2202 nec
323 2139 413 2202 mala
433 2149 649 2202 removentur
672 2159 731 2220 per
754 2139 862 2202 solum
885 2138 998 2221 sugere
1021 2138 1090 2218 illa,
1106 2160 1185 2203 nam
1207 2141 1251 2204 sic

135 2229 267 2312 spectat
290 2232 333 2296 ad
349 2253 396 2308 se,
412 2243 447 2297 et
471 2253 529 2314 per
551 2233 584 2296 id
607 2232 784 2297 confirmat
800 2233 964 2315 originem
987 2233 1077 2307 mali,
1095 2254 1181 2316 quae
1195 2234 1251 2304 suit

135 2325 225 2408 quod
240 2336 349 2391 semet
362 2336 452 2390 retro
465 2328 603 2391 verterit
616 2348 636 2390 a
651 2327 799 2390 Domino
811 2337 846 2390 et
859 2328 1066 2391 converterit
1078 2327 1123 2390 ad
1135 2336 1251 2392 semet.

136 2505 165 2556 5.
191 2504 263 2561 Quod
272 2509 395 2572 quantum
406 2504 465 2573 quis
481 2520 531 2557 non
542 2505 675 2572 cognoscit
690 2510 718 2558 el
732 2505 784 2559 scil
797 2509 907 2573 poeonia
923 2519 1049 2572 quaenam
1067 2509 1137 2564 aunt,
1157 2509 1252 2559 tuntum

233 2596 282 2633 non
297 2580 381 2633 rident
390 2580 468 2633 ulitur
478 2596 554 2649 quum
566 2582 634 2649 quod
643 2583 740 2650 absquo
749 2581 866 2649 peccatis
876 2580 919 2634 sit

198 2701 317 2767 Omnis
332 2704 435 2767 homo
448 2713 539 2766 amat
555 2705 725 2784 proprium
741 2722 846 2779 suum,
861 2712 932 2765 tam
949 2703 1119 2783 proprium
1135 2703 1264 2771 volun-,r

134 2798 254 2859 tarium
271 2817 370 2880 quam
386 2799 554 2879 proprium
571 2794 820 2873 intellectuale;
843 2797 1013 2877 proprium
1026 2796 1251 2860 voluntarium

135 2900 187 2953 est
201 2890 336 2965 malum,
349 2902 384 2955 et
401 2893 569 2972 proprium
583 2888 811 2954 intellectuale
824 2899 876 2952 est
891 2889 1010 2952 salsum
1022 2910 1067 2952 ex
1081 2890 1142 2953 illo
1154 2890 1251 2968 malo,

134 2984 182 3047 ita
197 2995 249 3048 est
264 2986 383 3049 falsum
400 2985 498 3062 mali;
523 2995 558 3048 et
574 2986 650 3067 quia
666 2986 774 3047 omnis
790 2984 893 3047 homo
909 2993 1001 3046 amat
1025 3004 1085 3046 sua
1108 2986 1250 3066 propria,

134 3077 182 3139 ita
197 3089 288 3142 amat
305 3079 429 3142 malum
445 3089 480 3142 et
496 3079 565 3160 ejus
584 3079 715 3152 salsum,
732 3089 767 3141 et
790 3079 866 3159 quia
882 3097 982 3140 omne
1006 3077 1097 3159 quod
1120 3089 1250 3142 amatur

134 3174 237 3235 etiam
249 3172 430 3253 jucundum
447 3184 509 3249 est,
525 3174 601 3235 ideo
618 3193 684 3235 non
704 3173 767 3235 scit
790 3172 888 3235 aliter
903 3191 1002 3253 quam
1018 3171 1110 3252 quod
1126 3171 1250 3236 malum

134 3266 222 3346 apud
246 3287 281 3329 se
305 3267 348 3329 sit
370 3267 506 3340 bonum,
523 3277 558 3330 et
581 3267 671 3348 quod
695 3266 813 3329 falsum
836 3265 905 3346 ejus
927 3266 971 3327 sit
989 3284 1127 3343 verum3
1151 3285 1250 3328 omne

134 3361 223 3422 enim
239 3360 271 3422 id
287 3360 407 3423 dicitur
419 3361 543 3423 bonum
560 3360 649 3443 quod
665 3370 717 3423 est
731 3359 922 3440 jucundum.
967 3358 1023 3421 Ex
1040 3359 1092 3421 his
1108 3361 1250 3440 primum

134 3454 238 3516 videri
261 3463 386 3534 potest,
408 3455 498 3536 quod
522 3456 583 3517 nisi
610 3455 712 3517 homo
734 3462 920 3534 cognoscat
943 3463 977 3515 et
1001 3454 1086 3515 sciat
1110 3463 1251 3534 peccata

134 3567 298 3628 quaenam
314 3558 403 3621 sunt,
420 3558 554 3610 tantum
571 3568 638 3610 non
654 3548 767 3610 videat
783 3546 880 3610 aliter
896 3566 995 3628 quam
1011 3547 1102 3627 quod
1125 3547 1251 3628 absque

135 3643 283 3722 peccatis
301 3642 354 3704 sit.
399 3640 466 3705 Sed
489 3643 565 3722 quia
588 3641 690 3704 homo
713 3650 805 3703 amat
829 3639 953 3703 malum
977 3659 1072 3702 suum
1096 3651 1132 3706 et
1156 3641 1250 3722 hujus

133 3733 264 3811 falsum,
276 3736 352 3816 quia
367 3745 458 3798 amat
475 3736 655 3816 proprium,
668 3754 735 3797 non
752 3744 866 3814 potest
884 3735 967 3796 scire
980 3734 1058 3814 quid
1075 3733 1203 3797 malum
1215 3743 1249 3797 et

134 3828 210 3891 inde
227 3830 304 3910 quid
320 3829 438 3891 falsum
456 3850 475 3891 a
491 3839 610 3902 semet,
628 3829 687 3890 sed
701 3828 827 3889 videbit
843 3827 876 3888 id
893 3826 1026 3889 aliunde
1040 3848 1047 3902 ;
1071 3828 1201 3891 videbit
1217 3828 1248 3890 id

134 3943 178 3984 ex
191 3924 379 4005 praeceptis
391 3922 571 4003 religionis
585 3942 725 4004 quorum
739 3922 850 3984 omnia
862 3942 897 3983 se
914 3919 1060 3983 referunt
1076 3920 1119 3983 ad
1132 3920 1250 3984 decem

135 4026 316 4098 praecepta
329 4017 512 4097 Decalogi;
536 4037 620 4098 quae
637 4025 818 4096 praecepta
830 4016 857 4077 si
873 4035 917 4077 ex
934 4015 1047 4076 animo
1060 4014 1178 4094 rejicit,
1192 4035 1248 4077 ne-

134 4130 300 4191 quaquam
324 4121 437 4192 potest
461 4112 573 4173 videre
597 4111 694 4174 aliter
716 4128 816 4191 quam
839 4109 927 4190 quod
951 4108 1076 4189 absque
1102 4108 1249 4189 peccatis

134 4205 197 4281 sit;
221 4214 256 4267 et
273 4215 353 4268 tunc
370 4207 445 4287 quia
461 4226 504 4267 ex
521 4204 660 4267 infantia
682 4205 832 4266 initiatus
848 4212 899 4265 est
922 4203 954 4263 in
978 4201 1107 4264 cultum
1125 4201 1199 4273 Dei,
1215 4209 1248 4264 et

134 4319 178 4360 ex
192 4296 344 4362 doi'trina
353 4298 527 4362 Ecclesiae
539 4300 632 4360 novit
646 4297 734 4379 quod
748 4305 906 4377 peccator
919 4296 961 4356 sit
975 4315 994 4356 a
1007 4295 1113 4374 prima
1123 4295 1247 4375 origine

135 4402 169 4455 et
186 4393 262 4455 dein
279 4414 299 4455 a
315 4394 503 4466 nativitate,
520 4393 636 4472 incipit
653 4390 805 4454 confiteri
821 4389 910 4470 quod
926 4397 1087 4469 peccator
1103 4389 1166 4465 sit;
1190 4385 1245 4449 sed
