2776 5040
260 482 440 549 QUATUOR
463 481 602 534 smus
624 480 959 535 MUTATIONES.-N.
979 471 1007 532 8.
1150 485 1186 532 21

122 653 211 702 “Erit
228 652 297 702 sicut
313 653 393 701 arbor
410 651 531 714 plantata
552 650 630 714 juxte
646 650 720 727 rivos
736 664 874 714 aquarum,
894 665 961 713 quae
979 647 1094 727 trucium
1112 664 1190 698 suum

205 718 317 847 plpllgrpuip
323 716 679 847 jenrpcpptrpiistpp,2l)pliumque
691 730 750 780 ejus
764 731 818 764 non
831 716 934 765 decidet
942 715 956 733 '¹
966 714 1075 778 (Psalm.
1085 730 1102 765 t.
1115 727 1129 775 3
1140 731 1146 774 ;
1164 725 1191 764 et

136 938 251 1003 Aliter
269 960 349 1002 vero
365 939 468 1002 homo
488 948 588 1001 natus
611 938 643 1000 in
668 937 832 1013 Ecclesia,
852 939 919 1021 qui,
936 940 1015 1003 dum
1035 940 1190 1002 transivit

71 1051 173 1095 mane
197 1052 291 1095 suum
315 1042 351 1095 et
381 1052 578 1114 progressus
602 1041 654 1094 est
681 1033 715 1094 in
743 1033 883 1113 primam
908 1032 1016 1096 lucem
1039 1035 1105 1095 dici
1132 1053 1191 1114 per

70 1147 174 1209 quam
193 1127 365 1190 rationalis
384 1124 490 1189 ladius
508 1135 573 1201 est,
593 1122 699 1189 tunc¹¹l
718 1127 882 1202 subsistit,
902 1137 937 1189 et
957 1147 1024 1189 non
1047 1125 1190 1191 lrudtum

70 1221 174 1299 sacit;
205 1220 262 1284 ille
285 1231 337 1285 est
360 1231 418 1283 aut
441 1230 650 1303 potestesse
671 1220 757 1283 sicut
776 1221 874 1284 arbor
897 1220 1069 1284 luxurians
1091 1222 1188 1297 soliiS,

71 1315 133 1378 sed
157 1335 225 1379 non
248 1317 358 1379 serens
376 1313 511 1389 studius
531 1335 616 1396 quae
639 1315 683 1376 ab
706 1315 806 1377 horto
824 1316 1042 1397 exstirpatur,
1062 1328 1097 1380 et
1121 1317 1190 1397 ejus

70 1411 157 1473 rami
182 1419 410 1492 amputantur,
435 1419 470 1472 et
493 1419 632 1472 truncus
656 1410 763 1471 securi
786 1418 844 1472 aut
867 1430 958 1473 serra
980 1411 1189 1487 discinditur,

71 1514 107 1567 et
131 1514 212 1567 tunc
232 1513 307 1566 tota
326 1505 476 1584 partitim
496 1502 670 1584 conjicitur
692 1503 725 1565 in
744 1503 868 1584 ignem.
914 1503 1022 1583 Hujus
1041 1508 1189 1570 rationa-

36 1625 40 1631 ·
71 1598 113 1660 lis
132 1597 192 1660 lux
212 1596 249 1660 fit
268 1599 354 1660 sicut
378 1597 437 1659 lux
457 1597 585 1660 dierum
604 1598 752 1670 brumae,
772 1599 805 1658 in
824 1593 917 1678 qua¹¹¹
935 1597 1014 1661 solia
1032 1601 1189 1664 arborum

71 1694 215 1775 primum
237 1692 433 1766 flavescunt,
453 1711 492 1754 ac
516 1701 635 1781 postea
654 1692 825 1765 decidunt,
845 1700 880 1754 et
899 1692 1034 1755 demum
1058 1704 1189 1775 putres·

71 1796 165 1850 cunt,
212 1785 319 1867 Hujus
335 1785 500 1849 rationale
519 1786 621 1848 etiam
638 1786 825 1867 comparari
844 1795 959 1867 potest
978 1805 1054 1850 cum
1071 1789 1190 1853 arbore

71 1881 166 1961 cujus
181 1880 260 1943 lolia
276 1881 383 1960 primo
399 1901 477 1943 vere
494 1888 736 1943 consumuntur
755 1900 775 1942 a
791 1880 978 1958 vermibus;
1003 1891 1038 1944 et
1057 1903 1190 1965 quoque

70 1994 149 2038 cum
167 1994 275 2037 messe
294 1994 379 2056 quae
398 1973 578 2036 suffocatur
596 1993 616 2036 a
635 1974 758 2055 spinis;
782 1983 854 2036 tum
873 1975 975 2037 etiam
992 1995 1067 2037 cum
1087 1976 1190 2040 herba

71 2088 160 2151 quae
178 2069 377 2131 devastatur
399 2088 419 2130 a
442 2067 590 2130 locustis.
636 2067 745 2130 Causa
768 2077 821 2129 est
845 2068 921 2148 quia
940 2069 1105 2133 rationale
1122 2069 1191 2152 ejus

70 2172 127 2226 est
158 2181 249 2224 mere
279 2160 442 2236 naturale,
469 2162 558 2242 quod
589 2161 681 2224 ideas
711 2181 788 2223 suas
818 2163 914 2224 unice
944 2182 1003 2244 per
1028 2184 1146 2227 sensus
1171 2185 1191 2228 e

71 2257 203 2319 mundo
220 2256 334 2329 trahit,
354 2264 389 2318 et
414 2274 481 2318 non
505 2275 563 2336 per
578 2252 773 2318 afsedtiones
796 2265 832 2318 et
854 2256 933 2318 inde
956 2258 1191 2339 perceptiones

71 2370 91 2413 e
112 2348 229 2426 caelo;
252 2360 287 2412 et
306 2351 384 2432 quia
399 2351 446 2412 sic
466 2351 499 2411 in
519 2349 674 2412 rationali
698 2348 769 2429 ejus
785 2368 854 2412 non
873 2351 963 2412 intus
982 2360 1035 2413 est
1054 2351 1190 2435 aliquod

71 2442 257 2526 spirituale,
282 2445 309 2507 si
336 2454 416 2506 tunc
444 2442 589 2526 loquitur
612 2442 654 2506 de
680 2443 793 2524 aliquo
816 2443 978 2525 spirituali
1004 2443 1190 2522 Ecclesiae,

71 2538 208 2601 auditur
227 2559 296 2602 vox
319 2539 388 2618 ejus
411 2538 454 2600 ab
477 2536 608 2618 angelis
631 2556 698 2598 non
722 2536 820 2600 aliter
839 2558 938 2620 quam
962 2558 1031 2600 vox
1055 2541 1192 2620 psittaci

72 2645 109 2696 et
137 2634 285 2709 anseris;
320 2642 372 2694 est
400 2633 490 2694 enim
517 2650 587 2693 vox
614 2628 683 2711 ejus
707 2649 797 2693 mere
820 2632 973 2694 animalis
1000 2634 1078 2715 quia
1100 2654 1191 2697 mere

72 2725 247 2799 naturalis,
262 2737 296 2788 et
314 2746 381 2788 non
398 2726 545 2788 humana
557 2725 633 2807 quia
649 2745 716 2798 non
733 2725 823 2787 intus
835 2726 1035 2806 spiritualis;
1059 2727 1191 2809 profluit

72 2822 165 2885 enim
187 2840 208 2882 a
230 2821 303 2882 sola
325 2820 545 2901 respiratione
568 2820 727 2900 corporis,
748 2828 782 2881 et
806 2839 874 2882 non
897 2839 942 2882 ex
966 2820 1034 2883 ulla
1052 2824 1193 2903 respira·

74 2916 169 2978 tione
185 2915 329 2995 spiritus.
375 2913 468 2976 Talis
487 2922 540 2976 est
559 2913 662 2976 homo
678 2913 733 2994 qui
752 2933 771 2975 a
791 2913 934 2975 naturali
952 2934 1019 2977 non
1038 2912 1076 2977 fit
1095 2915 1192 2995 spiri·

73 3008 197 3084 tualis;
230 3018 265 3070 et
296 3028 397 3071 nemo
427 3006 464 3070 fit
495 3005 676 3088 spiritualis
707 3008 779 3079 nisi,
810 3016 989 3088 postquam
1020 3007 1193 3071 rationalis

73 3100 183 3166 ladius
206 3112 269 3177 est,
293 3102 393 3165 saciat
416 3098 553 3175 studius,
577 3101 642 3163 hoc
670 3110 723 3163 est
749 3101 878 3163 imbuat
906 3101 1106 3163 charitatem
1134 3121 1193 3183 per

73 3199 191 3260 vitam.

139 3293 182 3357 8.
212 3288 313 3371 Quod
339 3291 373 3353 in
396 3289 513 3353 Verbo
540 3289 583 3352 de
610 3288 765 3352 Ecclesia
792 3289 1028 3370 praedicantur
1050 3301 1193 3372 quatuor

74 3395 188 3450 status
207 3385 424 3458 mutationes,
444 3380 557 3467 quael⁸¹
576 3394 743 3447 vocantur
760 3383 918 3454 “mane’'
938 3385 1068 3458 “dies'’
1088 3391 1193 3448 “ves-

75 3480 185 3563 pera,”
204 3490 238 3542 et
259 3479 388 3553 “nox,”
408 3488 459 3540 est
479 3479 556 3559 quia
575 3477 730 3540 Ecclesia
748 3479 904 3540 consistit
928 3499 972 3541 ex
992 3478 1192 3551 hominibus,

75 3586 111 3639 et
135 3575 239 3638 homo
256 3584 309 3636 est
333 3571 488 3636 Ecclesia
510 3574 544 3635 in
567 3571 769 3653 particulari,
789 3591 828 3634 ac
852 3583 969 3636 coetus
991 3592 1036 3635 ex
1059 3571 1110 3633 his
1132 3571 1193 3635 ho·

76 3670 221 3732 minibus
237 3678 290 3731 est
309 3669 363 3748 qui
382 3677 523 3729 vocatur
540 3666 714 3744 Ecclesia3
737 3667 771 3729 in
790 3667 854 3731 hoc
874 3677 974 3731 coetu
993 3687 1051 3729 seu
1070 3665 1194 3729 Eccle-

76 3765 126 3826 sia
144 3772 223 3825 sunt
242 3763 289 3824 illi
308 3763 362 3845 qui
382 3763 499 3824 vivunt
519 3761 705 3824 secundum
724 3761 876 3825 ordinem
895 3781 995 3842 supra
1015 3759 1062 3841 (n.
1079 3759 1113 3841 7)
1135 3760 1194 3823 de-

76 3858 240 3940 scriptum
257 3857 393 3920 arbores
409 3857 509 3930 vitae,
527 3875 613 3938 quae
629 3857 732 3918 etiarn
749 3866 828 3918 sunt
843 3856 980 3918 arbores
996 3875 1075 3917 usus
1095 3854 1194 3933 boni;

77 3963 112 4016 et
132 3952 253 4033 illi-qui
269 3971 338 4014 non
353 3951 470 4012 vivunt
487 3949 671 4012 secundum
687 3949 780 4012 illum
797 3949 948 4013 ordinem
965 3957 1042 4011 sunt
1058 3949 1195 4011 arbores

77 4047 241 4109 scientiae
260 4045 339 4107 boni
359 4053 394 4106 et
414 4044 504 4117 mali,
524 4065 610 4126 quae
629 4045 733 4108 etiam
752 4053 830 4105 sunt
849 4041 987 4106 arbores
1008 4062 1085 4104 usus
1105 4041 1194 4104 mali.

80 4140 125 4203 Hi
148 4149 228 4203 sunt
251 4141 293 4202 de
316 4140 435 4221 quibus
454 4139 692 4221 praedicantur
711 4136 905 4219 “vespera’'
923 4146 959 4200 ct
979 4134 1108 4210 “nox,”
1124 4156 1194 4209 seu,

78 4233 169 4316 quod
192 4234 292 4307 idem,
311 4235 459 4296 vastatio
481 4243 517 4297 et
540 4233 806 4309 consummatio;
831 4251 900 4294 non
922 4240 1036 4295 autem
1056 4231 1097 4293 de
1120 4229 1194 4293 illis.

79 4327 147 4392 Sed
174 4326 256 4390 haec
284 4329 317 4389 in
340 4328 545 4391 evidentiam
568 4327 690 4390 rationi
712 4327 875 4389 sistentur
900 4326 933 4388 in
957 4324 1195 4408 sequentibus;

75 4421 170 4503 juvat
187 4422 277 4503 quod
292 4422 325 4483 in
342 4422 523 4503 primordio
535 4419 631 4503 hujus
642 4420 820 4485 voluminis
831 4419 992 4484 adscititii
1007 4420 1194 4494 tradantur,
