2776 5040
93 452 98 462 ,
140 422 177 492 5²
606 417 779 469 cononis.

138 581 196 645 Ad
223 581 312 644 hunc
336 579 437 644 linem
461 601 546 663 quae
569 601 671 643 causa
695 580 806 643 media
828 581 1022 662 promotrix
1046 589 1083 643 et
1106 575 1237 642 effedlrix

135 677 201 741 alia
224 697 325 759 quam
343 676 484 757 religio?
527 675 573 738 Et
596 676 675 758 quid
698 676 817 757 religio
836 675 925 737 aliud
947 694 1051 757 quam
1071 673 1240 737 ambulatio

134 792 211 835 cum
232 771 329 834 Deo?
373 770 420 834 Et
443 771 562 853 religio
581 783 634 834 est
657 772 743 834 sicut
763 790 879 833 semen
899 771 1093 852 producens
1109 769 1195 851 justa
1214 779 1240 831 et

134 888 214 930 vera
238 867 414 941 desideria,
435 877 470 929 et
493 867 571 929 inde
592 865 715 947 judicia
738 877 773 929 et
797 863 883 940 atta,
904 867 936 928 in
961 865 1199 947 spiritualibus,
1216 875 1242 926 et

135 983 194 1044 pet
220 961 305 1025 haec
333 963 366 1024 in
394 960 587 1035 moralibus,
612 981 737 1043 perque
763 960 848 1024 haec
876 971 912 1023 et
942 960 1000 1022 illa
1030 961 1066 1022 in
1094 960 1244 1023 civilibus.

134 1056 185 1120 Ut
208 1076 291 1137 ergo
310 1057 435 1119 sciatur
453 1054 561 1137 qualis
583 1054 688 1117 homo
707 1065 759 1119 est
786 1056 838 1118 cui
861 1066 914 1118 est
937 1054 1069 1136 religio,
1091 1066 1126 1118 et
1150 1052 1245 1136 qualis

133 1151 187 1213 cui
207 1169 275 1213 non
294 1149 424 1231 religi0,
444 1150 584 1213 dicetur.
631 1148 747 1213 Homo
765 1151 818 1213 cui
836 1160 889 1213 est
909 1150 1038 1231 religio,
1060 1158 1115 1211 est
1134 1151 1167 1211 in
1185 1147 1245 1227 spi·

134 1242 314 1307 ritualibus
327 1245 413 1307 sicut
425 1241 631 1326 pelecanus¹¹¹
641 1244 737 1307 alens
749 1242 860 1326 pullos
872 1245 1037 1324 sanguine
1050 1263 1114 1306 suo
1126 1265 1133 1319 ;
1153 1241 1247 1305 homo

134 1348 250 1402 autem
269 1338 321 1401 cui
338 1357 406 1400 non
425 1337 554 1419 religio,
572 1350 624 1401 est
641 1340 674 1400 in
691 1337 756 1401 illis
775 1340 861 1401 sicut
880 1337 993 1401 vultur
1011 1338 1044 1399 in
1065 1338 1178 1400 inedia
1196 1337 1247 1398 de·

134 1453 258 1496 vorans
278 1434 469 1514 prosapiam
486 1453 591 1495 suam.
637 1433 752 1496 Homo
775 1435 828 1496 cui
847 1445 900 1496 est
923 1433 1054 1513 religio,
1076 1443 1113 1495 et
1136 1433 1170 1494 in
1190 1453 1248 1493 mo·

134 1527 265 1591 rolibus
285 1537 337 1590 est
357 1529 443 1590 sicut
463 1537 572 1590 turtur
591 1528 624 1589 in
648 1528 728 1590 nido
747 1548 822 1590 cum
843 1548 902 1590 sua
921 1537 1051 1590 turture
1071 1547 1172 1608 super
1190 1526 1250 1588 suis

134 1623 207 1685 ovis
219 1632 278 1685 aut
295 1621 394 1703 pullis
406 1643 413 1699 ;
438 1622 541 1684 homo
553 1633 667 1685 autem
681 1625 732 1684 cui
749 1643 817 1684 non
830 1623 959 1703 religio,
974 1623 1006 1683 in
1023 1620 1091 1683 illis
1104 1632 1157 1684 est
1171 1622 1250 1683 sicut

134 1716 256 1778 milvus
271 1713 354 1796 [vel]
368 1716 531 1796 accipiter
546 1716 579 1776 in
596 1736 700 1793 cauea
712 1715 755 1778 ad
772 1715 1026 1778 columbarium.
1073 1713 1192 1777 Homo
1204 1713 1252 1775 cui

134 1820 187 1874 est
206 1810 336 1891 religio,
353 1809 386 1870 in
398 1808 545 1889 politicis
561 1819 614 1872 est
630 1811 716 1872 sicut
732 1829 859 1890 cycnus
874 1808 994 1871 volans
1011 1828 1089 1871 cum
1107 1810 1208 1871 botro
1222 1808 1251 1869 in

134 1924 213 1982 ore;
243 1913 280 1966 at
303 1905 407 1966 homo
429 1905 481 1965 cui
505 1923 574 1966 non
597 1903 726 1984 religio,
746 1906 779 1966 in
803 1903 868 1965 illis
891 1913 943 1965 est
967 1904 1055 1965 sicut
1078 1903 1252 1965 basiliscus

133 2018 211 2062 cum
228 1998 333 2062 herba
349 1999 504 2061 toxicata
522 1999 555 2060 in
575 2019 642 2061 ore.
689 1997 805 2061 Homo
824 2000 876 2061 cui
895 2007 947 2060 est
966 1997 1099 2078 religio,
1120 1999 1153 2060 in
1162 1997 1252 2080 J'udt'·

133 2093 251 2156 ciariis
271 2102 324 2155 est
341 2094 426 2155 sicut
444 2093 596 2155 tribunus
612 2094 766 2174 equitans
783 2113 882 2174 super·
896 2111 1067 2173 generoso
1085 2113 1196 2174 equo;
1218 2102 1251 2154 at

133 2189 238 2252 homo
261 2187 313 2250 cui
336 2206 404 2249 non
424 2185 552 2267 religio,
574 2197 626 2250 est
649 2188 682 2249 in
706 2186 770 2249 illis
793 2189 880 2249 sicut
899 2186 1038 2249 coluber
1061 2187 1094 2249 in
1119 2186 1252 2249 deserto

133 2283 294 2356 Arabiae,
309 2302 367 2344 ore
383 2281 542 2344 mordens
555 2282 698 2344 caudam
715 2302 820 2356 suam,
835 2290 869 2344 et
886 2301 922 2343 se
938 2282 971 2342 in
987 2280 1163 2343 volumine
1178 2301 1251 2362 pro·

130 2377 249 2461 jiciens
273 2397 371 2458 super
394 2395 527 2457 equum,
552 2375 843 2456 circumligaturus
866 2376 1089 2456 equitantem.
1141 2375 1251 2438 Homo

134 2473 187 2535 cui
208 2481 260 2534 est
284 2471 413 2551 religio,
433 2470 466 2531 in
489 2469 641 2531 civilibus
659 2468 796 2549 reliquos
815 2478 867 2530 est
887 2470 972 2530 sicut
993 2469 1152 2550 princeps
1171 2468 1251 2531 filius

134 2567 223 2646 regis
240 2565 410 2646 proferens
426 2564 569 2643 insignia
586 2564 761 2625 charitatis
777 2572 812 2625 et
832 2562 1004 2642 elegantia
1020 2565 1195 2640 veritatis;
1218 2573 1250 2625 at

134 2661 237 2723 homo
260 2659 312 2721 cui
336 2678 403 2719 non
428 2658 556 2737 religio,
582 2668 633 2720 est
657 2658 743 2719 sicut
768 2659 891 2737 triceps
914 2657 1007 2718 canis
1032 2655 1199 2720 Cerberus
1220 2659 1249 2718 in

134 2755 224 2816 ostio
251 2753 293 2816 ad
321 2755 447 2815 curiam
472 2752 634 2826 Plutonis,
659 2773 703 2813 ex
732 2751 853 2832 triplici
880 2771 940 2813 suo
963 2771 1021 2813 ore
1045 2771 1250 2833 exspumans

134 2850 280 2911 aconita.

196 2958 265 3026 41.
297 2941 404 3021 Hujus
428 2939 604 3002 Ecclesiae
628 2950 738 3002 status
762 2940 982 3013 successivos,
1008 2941 1063 3020 qui
1088 2950 1168 3003 sunt
1200 2961 1250 3002 or·

134 3047 189 3100 tus
213 3058 271 3098 seu
295 3056 405 3107 mane,
431 3035 622 3115 progressio
645 3036 677 3095 in
713 3034 822 3095 lucem
846 3043 880 3095 et
914 3033 996 3106 dies,
1022 3035 1174 3096 vastatio
1196 3054 1251 3095 seu

133 3152 285 3212 vespera,
307 3151 344 3192 ac
370 3130 619 3191 consummatio
643 3149 701 3190 seu
725 3149 806 3201 nox,
830 3147 896 3190 non
922 3127 1001 3189 licet
1025 3128 1251 3209 descriptione

135 3227 289 3307 persequi
322 3223 607 3305 quemadmodum
628 3224 716 3303 prius
736 3233 845 3285 status
866 3217 1166 3302 Antiquissimaem
1187 3222 1249 3285 Ec·

135 3321 268 3393 clesiae‚
281 3321 439 3400 quoniam
453 3328 563 3380 status
576 3317 663 3378 illius
675 3316 848 3378 Ecclesiae
863 3335 929 3377 non
943 3316 1099 3379 similiter
1113 3325 1249 3399 possunt

135 3416 250 3495 colligi
273 3435 317 3476 ex
343 3423 459 3475 nostro
484 3411 619 3486 Verb0;
655 3419 861 3472 memoratur
884 3410 973 3471 enim
1002 3410 1046 3472 ibi
1074 3413 1250 3492 progenies

135 3511 266 3572 Noachi
286 3530 330 3571 ex
355 3508 460 3570 tribus
480 3505 549 3586 ejus
572 3505 646 3568 filiis
667 3506 768 3568 modo
792 3507 824 3566 in
849 3524 990 3577 summa,
1012 3526 1080 3566 una
1103 3505 1250 3568 alterave

134 3607 278 3688 pagina;
304 3624 341 3665 ac
363 3604 496 3682 insuper
519 3601 578 3663 luit
603 3600 758 3662 Ecclesia
781 3598 839 3661 illa
861 3620 919 3680 per
942 3599 1038 3681 plura
1058 3619 1164 3680 regna
1186 3599 1248 3660 dis·

134 3721 242 3780 persa,
271 3708 306 3760 et
336 3699 368 3758 in
396 3695 536 3776 singulis
563 3695 623 3756 luit
653 3695 710 3756 illa
737 3695 876 3764 variata,
897 3704 932 3756 et
962 3694 1041 3755 inde
1069 3695 1191 3756 subivit
1217 3700 1248 3754 et

134 3793 296 3875 percurrit
320 3791 378 3853 illa
397 3788 507 3852 dictos
530 3799 641 3851 status
664 3789 898 3850 diversimode.

197 3899 282 3967 Ooool
294 3898 412 3978 primos
427 3901 460 3956 ot
479 3896 634 3957 socundus
649 3900 751 3956 statos
766 3893 853 3956 illius
869 3896 901 3955 in
918 3893 1113 3993 regionibus
1130 3893 1246 3955 circum

133 3992 316 4075 Jordanem
330 4000 364 4052 et
376 3991 464 4052 circa
475 3988 675 4070 Aegyptum
687 3989 783 4050 luerit
797 3989 882 4049 sicut
901 3987 1062 4050 “Hortus
1074 3983 1247 4068 Jehovae,”

135 4095 272 4151 constat
293 4107 336 4148 ex
353 4086 422 4147 his:

185 4235 244 4284 Fuit
259 4233 385 4282 Planities
398 4231 524 4296 jordanis
539 4235 555 4255 ‘⁸
565 4233 631 4280 sicut
646 4230 748 4279 Hortus
761 4230 887 4295 jehovae,
899 4231 966 4279 sicut
978 4229 1063 4278 Terra
1075 4229 1189 4292 Aegypti
1201 4240 1245 4291 qua

265 4300 370 4348 venitur
382 4298 451 4346 Zoar
459 4298 472 4317 '’
484 4298 556 4359 (Gen.
568 4298 622 4346 xiii.
637 4297 684 4355 10).
