2776 5040
297 512 345 564 ur
368 511 451 580 aJus
473 511 672 566 uocrarua
693 512 967 567 cassusne-u.
986 517 1016 582 9.
1175 512 1187 561 ι
1194 512 1210 582 5

381 1105 583 1162 PROLOGUS
604 1107 662 1158 Al>
684 1106 929 1160 DOCTRINAM.

146 1415 186 1474 8.
215 1411 317 1487 Ωυου
329 1411 398 1470 linis
408 1413 551 1470 ecclesim
562 1413 610 1477 sit.
622 1413 744 1485 quando
757 1413 839 1469 nulla
849 1411 925 1469 fides
937 1411 1008 1484 quia
1022 1411 1104 1467 nulla
1117 1409 1214 1467 chari·

92 1504 149 1558 tas,
156 1503 313 1550 ostensum
322 1503 369 1550 est
376 1494 407 1548 in
415 1492 561 1565 opusculo
568 1494 614 1549 De
625 1494 735 1550 Ultsino
745 1493 1065 1566 Judr'ca'oetBabylonrlt
1071 1492 1213 1546 destrucia
1278 1496 1282 1505 ‘

94 1581 130 1639 (n
140 1593 226 1640 33-39,
237 1581 308 1639 seq).
341 1571 420 1645 Quia
429 1590 508 1628 nunc
520 1573 662 1629 ecclesiae
672 1573 702 1628 in
713 1572 884 1629 Christiano
893 1573 965 1628 orbe
976 1589 1008 1628 se
1018 1571 1214 1627 distinxerant

95 1653 192 1708 solum
212 1669 266 1724 per
280 1654 352 1709 talia
368 1669 444 1726 quae
465 1653 535 1709 fidei
555 1663 675 1718 suntet
696 1670 790 1725 usque
811 1653 885 1710 fides
906 1653 988 1708 nulla
1008 1661 1054 1708 est
1077 1652 1129 1707 ubi
1153 1667 1214 1707 non

94 1733 233 1796 charitas,
249 1732 318 1788 ideo
332 1733 421 1789 velim
441 1732 497 1796 hic,
513 1743 582 1788 ante
598 1733 693 1804 ipsam
709 1731 892 1796 Docirinam,
908 1732 1098 1804 praemittere
1115 1731 1216 1802 aliqua

95 1810 278 1868 dedoclrina
287 1812 440 1869 charitatis
450 1814 529 1884 apud
542 1813 690 1884 antiquos.
728 1813 853 1876 Dicitur,
863 1813 992 1869 ecclessiae
1003 1816 1037 1867 in
1048 1812 1216 1867 Ckrr'str'ano

94 1895 166 1957 orbe,
179 1903 210 1948 et
225 1910 277 1963 per
290 1893 354 1949 illas
369 1893 577 1965 intelliguntur
588 1893 729 1949 ecclesiae
748 1894 827 1964 apud
844 1892 1034 1948 Reformatos
1048 1908 1103 1948 seu
1120 1891 1216 1947 Evan-

95 1975 214 2046 gelicos,
225 1989 286 2029 non
298 1985 398 2029 autem
407 1974 487 2044 apud
502 1973 685 2036 Pontificius,
693 1975 835 2045 quoniam
848 1973 889 2028 ibi
899 1989 960 2029 non
976 1972 1107 2028 Ecclesia
1114 1971 1216 2028 Chris·

96 2055 178 2110 tiana
187 2065 248 2117 est;
267 2070 335 2108 nam
349 2055 399 2109 ubi
409 2055 540 2118 ecelesia,
551 2054 591 2109 ibi
601 2055 742 2109 adoratur
752 2053 900 2110 Dominus
910 2063 941 2108 et
953 2054 1062 2125 legitur
1069 2052 1217 2108 Verbum:

96 2135 183 2191 aliter
194 2136 273 2205 apud
288 2135 371 2198 illos;
391 2133 431 2189 ibi
443 2135 606 2190 adorantur
618 2135 674 2206 ipsi
687 2135 754 2191 loco
768 2134 900 2197 Domini,
913 2143 944 2189 et
956 2132 1088 2189 Verbum
1103 2133 1216 2188 inhibe·

97 2227 147 2271 tur
170 2216 228 2287 legi
253 2231 271 2269 a
296 2214 416 2285 populo,
431 2230 465 2270 ac
489 2213 639 2270 dictamen
666 2214 763 2286 Papae
788 2215 910 2286 ponitur
920 2213 958 2282 ‚ei
979 2214 1110 2285 aequale,
1123 2213 1216 2268 immo

96 2313 187 2368 supra
198 2296 237 2351 id.

149 2389 191 2446 ⁹·
217 2374 360 2430 Dostrina
372 2374 534 2438 charitatis,
546 2390 622 2446 quae
634 2384 680 2431 est
693 2373 828 2430 dodirina
838 2375 926 2438 vitae,
938 2375 994 2430 luit
1007 2374 1072 2445 ipsa
1080 2371 1217 2429 doclrina

98 2458 128 2512 in
147 2455 290 2527 Antiquis
310 2455 448 2510 Ecclesiis
467 2459 613 2519 (dequibus
628 2460 732 2508 ecclesiis
746 2461 856 2507 videatur
870 2460 895 2507 in
910 2461 1016 2508 Arcana'r
1034 2459 1182 2513 caeasmus,
1192 2472 1217 2508 n.

99 2545 164 2602 1238,
173 2543 260 2600 2385);
279 2545 309 2590 et
322 2535 373 2589 illa
384 2533 520 2589 dodlrina
532 2534 688 2605 conjunxit
701 2550 806 2589 omnes
818 2534 966 2598 ecclesias,
976 2550 1010 2589 ac
1026 2534 1068 2588 ita
1079 2550 1116 2588 ex
1126 2533 1217 2604 pluri-

98 2616 153 2670 bus
168 2631 257 2669 unam
273 2614 359 2669 iecit:
383 2631 437 2684 pro
456 2613 626 2669 hominibus
641 2614 721 2668 enim
743 2614 884 2669 ecclesiae
904 2624 1091 2685 agnoverunt
1112 2628 1217 2668 omnes

104 2696 168 2750 illos
183 2696 235 2767 qui
250 2695 279 2749 in
292 2696 373 2750 bono
385 2694 539 2750 charitatis
551 2694 697 2756 vixerunt,
708 2705 740 2749 et
746 2706 929 2750 vocaverunt
941 2694 1053 2756 iratres,
1064 2703 1217 2763 utcunque

101 2786 251 2846 praeterea
261 2776 291 2830 in
300 2775 387 2836 veris,
396 2791 472 2846 quae
482 2775 571 2830 hodie
581 2774 651 2829 fidei
661 2774 808 2838 dicuntur,
817 2775 1032 2846 discreparent:
1046 2775 1075 2829 in
1086 2774 1133 2829 his
1140 2789 1217 2828 unus

100 2857 224 2912 alterum
240 2856 388 2918 instruxit,
401 2856 483 2926 quod
502 2866 567 2910 erat
585 2855 663 2910 inter
676 2871 767 2925 opera
785 2871 889 2910 eorum
908 2855 1076 2919 charitatis;
1094 2864 1125 2910 et
1143 2869 1218 2925 quo-

100 2953 157 3007 que
170 2953 230 2991 non
242 2935 387 3007 indignati
397 2946 468 2990 sunt
480 2936 505 2990 si
515 2951 592 2990 unus
604 2935 642 2989 ad
655 2935 776 2991 alterius
788 2937 967 2991 sententiam
981 2950 1041 2990 non
1055 2935 1217 2997 accederet,

100 3018 227 3072 scientes
248 3017 329 3088 quod
350 3017 477 3088 quisque
498 3025 616 3071 tantum
631 3017 693 3071 veri
713 3016 836 3086 recipiat
854 3027 999 3087 quantum
1019 3017 1049 3071 in
1064 3017 1145 3071 bono
1163 3026 1217 3072 est.

100 3096 177 3169 Quia
195 3098 270 3152 tales
285 3097 405 3152 luerunt
426 3096 577 3168 Antiquae
598 3096 754 3161 Ecclesiae,
774 3097 885 3152 idcirco
904 3097 1059 3152 interiores
1082 3096 1218 3151 homines

100 3178 234 3241 luerunt;
252 3188 283 3233 et
297 3177 368 3249 quia
386 3176 549 3238 interiores,
565 3175 686 3231 luerunt
703 3177 914 3248 sapientiores:
934 3193 1002 3232 nam
1021 3177 1072 3248 qui
1092 3177 1218 3231 inbono

101 3259 209 3314 amoris
222 3269 253 3313 et
261 3257 415 3313 charitatis
427 3267 507 3319 sunt,
518 3256 560 3311 illi
573 3257 672 3327 quoad
683 3256 833 3312 internum
844 3257 997 3312 hominem
1006 3257 1036 3311 in
1047 3258 1130 3312 caelo
1140 3268 1217 3318 sunt.

101 3350 130 3395 et
145 3339 185 3394 ibi
201 3339 300 3410 quoad
320 3338 402 3392 illum
423 3338 452 3392 in
468 3337 611 3394 societate
632 3338 766 3408 angelica
784 3354 860 3409 quae
881 3338 911 3393 in
930 3338 1019 3393 simili
1039 3339 1133 3402 bono;
1150 3338 1219 3392 inde

103 3420 230 3476 elevatio
246 3419 355 3473 mentis
369 3434 473 3473 eorum
487 3418 525 3472 ad
545 3417 694 3479 interiora,
707 3427 739 3473 et
756 3429 972 3490 consequenter
988 3418 1045 3474 illis
1059 3417 1219 3488 sapientia;

101 3501 221 3556 aliunde
233 3499 313 3554 enim
326 3498 472 3568 sapientia
485 3513 544 3553 non
557 3498 659 3553 venire
672 3508 773 3568 potest
785 3515 875 3569 quarn
890 3515 907 3554 e
922 3500 1013 3562 caelo,
1027 3499 1085 3555 hoc
1099 3509 1153 3561 est,
1167 3515 1220 3568 per

102 3582 215 3636 caelum
228 3596 247 3634 a
260 3579 406 3642 Domin03
416 3569 459 3634 'ac
474 3579 504 3632 in
519 3579 602 3633 caelo
617 3588 663 3634 est
677 3579 831 3649 sapientia,
844 3580 915 3651 quia
930 3581 969 3635 ibi
989 3580 1018 3634 in
1034 3580 1115 3635 bono
1133 3588 1219 3633 sunt:

99 3660 244 3731 sapientia
251 3670 297 3715 est
304 3659 406 3715 videre
414 3675 517 3714 verum
526 3675 562 3714 ex
571 3659 637 3714 luce
646 3660 717 3723 veri,
725 3670 756 3715 et
765 3661 816 3714 lux
823 3659 886 3716 veri
896 3670 942 3715 est
951 3661 1002 3715 lux
1011 3677 1087 3731 quae
1098 3660 1127 3714 in
1136 3659 1219 3714 caelo

99 3752 152 3797 est.
184 3740 244 3796 Sed
260 3741 406 3812 sapientia
414 3740 465 3794 illa
474 3739 598 3811 antiqua
606 3755 744 3795 successu
754 3740 898 3811 temporis
907 3741 1055 3804 decrevit:
1073 3750 1218 3812 quantum

100 3822 178 3877 enim
197 3838 293 3893 genus
314 3821 477 3876 humanum
492 3836 511 3874 a
525 3820 606 3874 bono
624 3820 734 3875 amoris
747 3820 776 3874 in
794 3820 964 3884 Dominum,
978 3832 1008 3876 et
1023 3821 1133 3876 amoris
1150 3836 1221 3892 erga

101 3902 276 3972 proximum,
296 3901 348 3972 qui
366 3916 451 3956 amor
465 3910 591 3955 vocatur
605 3900 742 3963 charitas,
758 3917 790 3956 se
809 3902 944 3965 removit,
957 3912 1074 3957 tanturn
1093 3901 1183 3957 etiam
1202 3917 1220 3955 a

100 3981 252 4052 sapientia,
267 3981 338 4052 quia
348 3990 466 4035 tantum
481 3996 512 4035 se
526 3981 653 4035 removit
672 3997 690 4035 a
708 3981 807 4036 caelo:
826 3980 895 4036 inde
912 3991 958 4036 est
978 3982 1059 4053 quod
1075 3982 1167 4037 homo
1183 3982 1221 4036 ab

101 4063 219 4118 interno
233 4059 331 4116 ladius
349 4061 390 4116 sit
404 4070 553 4123 exiemus,
566 4070 598 4115 et
613 4061 671 4116 hoc
685 4062 865 4126 successive:
883 4071 997 4116 etcum
1015 4063 1107 4118 homo
1125 4060 1220 4118 ladius

100 4153 145 4198 est
157 4152 307 4204 externus,
321 4142 410 4197 etiam
425 4138 521 4196 lacius
534 4152 579 4197 est
593 4142 762 4197 mundanus
777 4153 808 4198 et
822 4158 998 4212 corporeus;
1016 4151 1047 4197 et
1065 4159 1133 4198 cum
1152 4143 1220 4198 talis

100 4233 151 4289 est,
167 4238 272 4294 parum
291 4231 377 4277 curat
394 4238 470 4293 quae
484 4221 558 4276 caeli
576 4233 654 4285 sunt,
671 4238 739 4278 nam
762 4232 835 4278 tunc
852 4233 1001 4294 occupant
1016 4223 1099 4277 illum
1120 4232 1220 4279 totum

101 4303 232 4374 jucunda
253 4318 388 4357 amorum
413 4302 607 4366 terrestrium,
623 4312 654 4358 et
674 4319 742 4358 cum
767 4303 824 4359 illis
849 4303 934 4367 mala,
949 4319 1026 4375 quae
1047 4303 1162 4359 homini
1183 4320 1219 4359 ex

103 4383 254 4439 amoribus
278 4382 335 4437 illis
352 4382 484 4451 jucunda
497 4393 583 4438 sunt:
607 4392 639 4437 et
656 4393 729 4438 tunc
748 4383 798 4438 illa
816 4398 893 4454 quae
912 4383 997 4438 audit
1018 4383 1130 4439 devita
1151 4394 1219 4455 post

104 4474 238 4527 mortem,
252 4461 290 4517 de
303 4461 385 4517 eaelo
397 4471 429 4517 et
441 4461 564 4527 inferno,
574 4463 667 4519 verbo
679 4462 717 4518 de
729 4463 939 4534 spiritualibus,
951 4474 1022 4521 sunt
1034 4464 1118 4535 quasi
1136 4474 1219 4520 extra
