2776 5040
112 468 156 554 76
436 483 487 535 77
510 482 615 536 nova
638 481 913 535 7777777777777

165 648 256 724 Quod
272 650 314 708 illi
329 651 409 708 intus
425 652 455 706 in
468 651 549 707 falsis
567 652 613 708 sui
629 652 698 707 mali
717 650 917 714 sint'tarnetsi
930 650 989 707 1777
1003 666 1066 707 non
1078 651 1181 708 sciunt
1193 653 1232 720 (n.

112 733 190 790 ⁷7⁹⁰,
199 723 336 875 71175117177
349 792 407 875 iliis
419 808 480 846 non
493 792 589 875 possit
601 766 743 876 conjungi
756 793 867 847 bonum
880 795 921 860 (n.
933 791 1011 861 8987,
1021 792 1116 875 8983).
1224 863 1230 875 ⁸

114 931 120 944 1
195 863 255 916 uod
268 873 358 917 ettam
372 879 402 916 tn
415 864 509 917 altera
521 874 583 917 vita
597 874 657 918 sint
672 873 777 917 contra
789 863 910 924 bonum,
923 874 954 918 et
968 873 1076 917 contra
1094 862 1164 918 71177
1181 879 1231 934 qui

113 949 143 986 m
156 933 237 988 bono
249 942 320 1016 sunt
334 935 461 1015 (7777.
474 946 552 999 7127.
565 946 643 1002 7777.
657 946 734 1002 7507
747 932 843 1015 774511
856 933 1037 1016 7545711096.
1048 932 1143 1015 83¹³)-

165 999 255 1074 Quod
276 1003 426 1072 simplices
447 1005 545 1066 corde,
564 1014 595 1058 et
616 1020 710 1085 usque
729 1014 886 1073 sapientes,
907 1013 1004 1058 sciant
1021 1003 1096 1074 quid
1119 1003 1230 1057 bonum

111 1073 199 1136 vitae,
212 1073 255 1128 ita
266 1074 338 1145 quid
351 1072 487 1135 charitas,
501 1084 531 1128 et
544 1089 604 1128 non
617 1074 689 1144 quid
703 1073 777 1129 fides
790 1084 927 1144 separata
940 1075 981 1142 (n.
992 1085 1073 1140 4747,
1082 1075 1177 1143 4754).

165 1189 253 1264 Quod
274 1194 376 1248 omnia
392 1193 533 1248 ecclesiae
555 1210 587 1248 se
607 1191 736 1248 referant
760 1194 797 1248 ad
818 1193 930 1248 bonum
950 1203 983 1248 et
1001 1192 1173 1255 7777777,177
1192 1192 1230 1247 ad

54 1264 57 1270 '
111 1262 287 1317 charitatem
301 1274 331 1318 et
344 1263 433 1317 fidem
448 1266 487 1330 (n.
502 1277 535 1329 77
539 1266 680 1333 52-7754).

165 1330 255 1405 Quod
271 1349 331 1388 non
346 1335 428 1403 prius
440 1334 565 1389 ecclesia
583 1335 622 1389 sit
636 1334 715 1402 apud
736 1333 886 1388 hominem
908 1349 998 1405 quam
1010 1349 1080 1389 cum
1089 1348 1163 1389 vera
1177 1331 1230 1386 irn-

112 1404 245 1474 plantata
256 1413 328 1458 sunt
340 1404 426 1465 vitae,
440 1406 526 1459 etsie
539 1403 616 1458 taeta
628 1405 739 1459 bonum
753 1404 909 1460 eharitatis
922 1406 962 1474 (n.
973 1406 1065 1473 3377).

162 1473 254 1613 ggod
268 1474 396 1529 charitas
409 1473 497 1529 iaciat
515 1474 679 1536 ecclesiam,
691 1485 722 1528 et
735 1490 796 1530 non
810 1473 885 1530 fides
899 1485 1036 1545 separata
1050 1490 1069 1529 7
1082 1471 1230 1529 charitate

113 1547 153 1613 (¹¹-
215 1586 221 1607 .

235 1543 294 1613 976,
309 1544 381 1613 7798,
393 1558 467 1613 7799
481 1544 651 1614 1894[?1834
664 1585 670 1606 ,
683 1543 770 1610 7844).

165 1613 254 1738 pund
268 1614 417 1669 internum
430 1615 571 1669 ecclesiae
584 1615 650 1669 site
706 1614 762 1668 'tas
773 1617 813 1681 (n.
829 1613 923 1684 1899ss
938 1614 1025 1684 1799],
1038 1616 1132 1684 7755).

182 1685 240 1739 nde
252 1685 334 1756 quod
347 1700 408 1740 non
421 1685 546 1739 77717717
557 1685 596 1739 717
617 1685 668 1739 ubi
681 1700 741 1739 non
754 1684 884 1739 charitas
898 1687 938 1753 (n.
949 1685 1028 1751 4766,
1043 1685 1135 1755 5876).

165 1753 254 1827 Quod
280 1771 340 1809 una
363 1755 488 1810 ecclesia
512 1755 589 1810 17777
613 1755 637 1810 71
662 1753 867 1825 spectarentur
889 1771 996 1811 omnes
1014 1771 1053 1811 ex
1077 1755 1231 1818 charitate,

111 1825 231 1880 tametsi
261 1827 340 1880 uoad
352 1824 526 1880 doctrinalia
537 1826 613 1888 fidei,
623 1835 654 1880 et
663 1826 762 1895 quoad
774 1826 873 1880 cultus
886 1825 1011 1888 ritualia,
1020 1824 1178 1881 6111777777
1191 1828 1230 1893 (n.

115 1895 207 1965 7·786[1
220 1841 307 1965 71157
318 1896 393 1964 7376,
408 1896 483 1965 7798,
500 1909 573 1964 7799
590 1896 664 1964 7834,
681 1895 755 1961 7844,
769 1896 846 1964 7385,
914 1910 937 1958 7,
950 1896 1029 1965 3767,
1042 1897 1125 2020 3457)

214 1976 318 2021 antam
338 1965 408 2020 boni
428 1966 458 2020 in
473 1967 605 2028 ecclesia,
619 1967 644 2021 si
659 1966 789 2021 charitas
806 1982 859 2036 spe
923 1977 990 2021 etur
1002 1966 1101 2036 primo
1123 1981 1189 2028 oco,
1201 1975 1232 2020 et

112 2035 186 2092 11677
199 2036 332 2092 secundo
349 2039 388 2104 (n.
401 2036 479 2104 6269,
491 2036 583 2104 6777).

165 2106 254 2180 Quod
268 2107 366 2161 omnis
378 2106 503 2161 ecclesia
512 2106 634 2177 incipiat
646 2123 664 2161 a
676 2107 830 2167 charitate.
843 2107 895 2161 sed
909 2107 990 2177 quod
1003 2107 1150 2177 temporis
1165 2121 1232 2162 suc·

111 2192 196 2233 cestu
203 2174 409 2315 &mazia
428 2175 527 2239 fidem,
540 2187 571 2231 et
589 2178 711 2232 tandem
730 2177 768 2230 ad
787 2177 881 2232 solam
897 2176 987 2231 tidem
1004 2179 1045 2247 (n.
1061 2176 1138 2247 7834,
1157 2177 1232 2248 7835,

113 2260 190 2317 7737,
257 2261 281 2315 3,
378 2287 385 2301 .

165 2317 253 2391 Quod
268 2316 436 2371 7711711677
445 2316 553 2371 ultimo
565 2327 699 2388 tempore
713 2317 854 2373 ecclesiae
866 2317 914 2380 sit,
925 2317 995 2388 quia
1006 2316 1089 2375 nulla
1100 2316 1233 2373 charitas

114 2390 154 2455 (η’
164 2388 259 2671 {21⁴3}
267 2458 366 2512 cuitus
379 2456 500 2512 Domini
514 2459 658 2513 consistat
672 2458 700 2511 in
714 2458 777 2512 vita
791 2457 944 2513 charitatis
961 2420 1090 2527 (1882547
1103 2457 1198 2527 8256)·

194 2615 212 2652 u

194 2529 254 2583 uod
267 2529 355 2598 quale
367 2529 465 2582 cultus
477 2529 517 2582 sit
528 2530 692 2609 secundum
705 2528 792 2609 quale
804 2527 959 2583 charitatis
973 2530 1013 2597 (n.
1024 2529 1116 2611 7797).
1139 2598 1145 2611 1

214 2599 253 2653 76
276 2609 416 2653 externae
438 2597 578 2653 ecclesiae
598 2599 735 2653 hommes
751 2609 900 2653 internum
920 2598 1058 2661 habeant,
1072 2614 1098 2653 s1
1121 2599 1233 2654 sintin

111 2670 711 2751 charitate(n.1too,iroa,{15131153)...
809 2739 814 2750 Ι
931 2738 937 2751 1
1012 2738 1019 2750 .

111 2737 1234 2880 ...8771787777777777177177723877717777777

112 2896 189 2951 3419,
203 2895 280 2948 34²0.
292 2879 370 2946 7847
381 2879 459 2940 6678.
469 2879 648 2948 77577767).

164 2992 254 3066 Quod
276 2992 422 3048 Dominus
436 2993 599 3076 ‘inseminet
620 3004 651 3048 et
672 2994 828 3065 implantet
843 3010 945 3050 verum
968 2996 1049 3050 bono
1067 2995 1237 3061 charitatis,

112 3080 179 3119 cum
194 3074 348 3146 regenerat
361 3064 512 3119 hominem
529 3066 568 3133 (n.
582 3063 677 3133 2663[?
691 3065 779 3188 20632,
794 3064 870 3146 7789,
882 3067 980 3149 3377)..

131 3205 137 3217 ι
165 3132 253 3206 Quod
266 3135 353 3188 aliter
364 3151 474 3197 semen,
488 3133 570 3204 quod
582 3144 629 3190 est
639 3150 741 3189 verum
776 3135 833 3197 677,
844 3151 903 3191 non
918 3136 1047 3190 radicem
1060 3151 1151 3208 agere
1164 3153 1244 3209 pos-

112 3214 153 3260 sa
165 3205 272 3347 (Qnuggo
270 3206 353 3329 117777
370 3284 401 3328 et
414 3290 484 3328 vera
502 3275 572 3329 dein
591 3286 726 3330 crescant
744 3276 908 3330 secundum
924 3275 1078 3330 charitatis
1094 3287 1246 3348 receptae

111 3345 615 3539 quaffuhhqhasshhlegnleffl'non
629 3416 668 3471 sit
680 3432 716 3471 ex
730 3415 797 3479 1767,
807 3417 859 3472 776
872 3415 1064 3471 7771767777
1078 3432 1132 3488 per
1142 3416 1246 3475 iidem

113 3487 348 3681 (111951117167777Ι
365 3554 444 3618 fidei,
459 3572 527 3611 cum
547 3567 739 3639 regeneratur
757 3557 857 3620 homo,
874 3557 986 3613 intrent
1006 3573 1075 3613 cunt
1096 3557 1254 3629 jucundo

111 3626 168 3682 7117
201 3625 570 3697 tonis,qu1aamatiacere
583 3627 640 3689 7117,
654 3638 685 3681 77
698 3627 778 3697 quod
793 3628 1028 3698 reproducantur
1041 3644 1112 3684 cum
1127 3630 1246 3685 eadem
1360 3618 1384 3651 ‘²

111 3697 277 3838 ἓξξέῖἰοηο,
290 3696 360 3769 quia
371 3697 532 3784 cohaerent
549 3699 588 3763 (n.
604 3697 680 3762 7484,
695 3695 772 3764 7487,
786 3711 862 3767 3747,
877 3698 955 3767 3766,
968 3712 1046 3768 3774,
1060 3698 1139 3769 3336,
1152 3700 1245 3768 4778,
1356 3704 1386 3725 ‘

164 3783 180 3837 3
195 3808 202 3823 .

164 3862 252 3935 Quod
266 3862 317 3933 qui
331 3862 360 3916 in
374 3879 475 3917 amore
486 3863 514 3916 in
531 3862 702 3925 Dominum,
716 3875 746 3918 et
762 3864 791 3918 in
807 3864 952 3918 charitate
967 3879 1038 3947 erga
1052 3865 1249 3934 proximum,

110 3934 225 3996 vivunt,
235 3933 308 3987 nihil
323 3934 448 4003 perdant
458 3934 487 3987 in
498 3945 659 3996 aeternum,
670 3935 740 4004 quia
751 3932 904 4005 conjuncti
918 3933 1066 3998 Domrno;
1082 3934 1174 3991 711777
1182 3938 1251 4008 qui.

112 4004 141 4058 in
155 4003 213 4059 tide
226 4013 363 4074 separata
376 4006 416 4071 (n.
427 4004 504 4072 7576,
515 4004 606 4071 7577).
1374 4062 1384 4067 Α

29 4086 32 4091 ·
165 4072 254 4146 Quod
274 4073 367 4128 homo
384 4074 452 4127 talis
471 4084 590 4128 maneat
608 4075 704 4144 qualis
723 4075 787 4144 ejus
801 4074 865 4129 vita
878 4074 1041 4138 charitatis,
1054 4089 1117 4130 non
1136 4076 1258 4147 quatis
1374 4078 1384 4084 ”

110 4144 177 4214 ejus
191 4145 264 4198 fides
277 4155 412 4213 separata
426 4145 466 4213 (n.
475 4144 566 4212 8756).
1343 4177 1383 4196 ,

165 4213 225 4287 Qui
247 4215 278 4269 in
300 4213 445 4268 charitate
466 4214 613 4276 vixerunt,
629 4215 710 4284 quod
734 4231 837 4269 eorum
859 4230 965 4270 omnes
986 4224 1084 4271 status
1107 4212 1263 4286 jucundi
1325 4195 1382 4243 ¹

112 4287 235 4340 redeant
245 4285 275 4338 in
288 4284 381 4338 altera
393 4285 463 4346 vita,
477 4300 511 4338 ac
528 4284 705 4338 immensum
718 4296 883 4357 augeantur
896 4288 936 4353 (n.
945 4285 1018 4354 873).

165 4354 253 4427 Quod
268 4355 421 4409 beatitudo
435 4355 571 4408 caelestis
585 4355 688 4408 influat
703 4372 721 4410 a
735 4355 865 4411 Domino
878 4356 908 4411 in
921 4356 1107 4419 charitatem.
1117 4356 1190 4428 quia
1203 4357 1268 4412 17»
1318 4341 1371 4385 ⁴⁸

112 4427 206 4497 ipsam
216 4426 308 4480 vitam
322 4424 461 4487 hominis,
471 4433 502 4479 et
515 4440 575 4479 non
590 4425 619 4478 in
633 4425 723 4480 iidem
736 4427 846 4496 absque
858 4427 1003 4481 charitate
1017 4427 1058 4496 (n.
1069 4426 1163 4497 7363).

1351 3548 1383 3575 Δ
