2776 5040
132 428 174 506 48
405 438 583 492 cauom
604 439 734 492 Novae
756 440 973 493 ECCLESIAE.

345 617 399 673 est
407 608 552 673 ecclesia
560 630 647 692 quae
659 608 769 673 solum
782 609 965 673 Dominum
974 611 1049 675 adit
1062 631 1104 674 ac
1113 633 1188 674 vera
1196 632 1232 675 ex

344 702 461 767 Verbo
477 703 586 786 Ipsius
601 704 724 777 haurit,
734 705 867 767 dicatur
877 710 897 737 “
906 703 1059 781 saneta?
1068 716 1104 769 et
1116 727 1233 789 quoque

345 798 453 860 “urbs
472 795 703 873 sanetitatiss’
725 808 761 862 et
783 798 874 880 quod
895 799 1053 863 homines
1077 801 1234 883 inquibus

343 890 491 955 ecclesia
512 890 572 953 illa
592 901 657 964 est,
680 889 864 973 [dicantur]
886 892 1063 974 “populus
1085 891 1234 957 sanitita-

344 984 388 1047 tis
400 983 427 1061 ;”
457 984 547 1065 quod
576 985 680 1047 etiam
711 984 795 1047 haec
821 983 967 1048 ecclesia
996 987 1042 1048 sit
1076 993 1235 1068 “regnum

343 1074 561 1141 santtorum”
583 1079 673 1161 quod
696 1078 729 1141 in
751 1088 928 1142 aeternum
951 1081 1124 1161 perstabit
1144 1080 1236 1163 (apud

342 1170 538 1253 Danielem).

195 1265 225 1330 6.
257 1263 359 1348 Quod
379 1266 569 1349 Prophetae
585 1276 621 1330 et
641 1265 814 1349 Apostoli,
831 1268 907 1350 quia
924 1267 1081 1332 Verbum
1097 1269 1237 1352 perillus

343 1360 505 1442 scriptum
524 1370 589 1433 est,
607 1361 764 1424 dicantur
781 1359 946 1426 “saneti''

196 1468 226 1536 7.
259 1451 360 1535 Quod
376 1452 520 1536 Spiritus
531 1452 685 1530 Sentius,
700 1474 745 1516 ex
763 1452 890 1518 Sanito
903 1454 1022 1519 Verbo
1038 1458 1130 1539 quod
1146 1459 1237 1521 doce-

344 1557 397 1612 tur
420 1567 439 1610 a
459 1547 616 1621 Domino,
634 1548 766 1611 dicatur
783 1547 955 1631 “Spiritus
974 1550 1146 1614 Veritatis
1159 1552 1183 1629 ;”
1202 1553 1238 1613 de

343 1661 410 1722 quo
440 1641 521 1703 dicit
550 1640 726 1715 Dominus,
755 1643 846 1724 quod
875 1663 943 1706 non
973 1664 1019 1707 ex
1049 1666 1094 1726 se„
1118 1647 1176 1708 sed
1200 1665 1237 1708 ex

345 1733 493 1796 Domino
510 1733 687 1817 loquatur;
712 1745 784 1797 tum
801 1737 890 1819 quod
908 1737 987 1819 Ipse
1002 1739 1048 1801 sit
1065 1738 1133 1801 iile.

197 1828 226 1891 8.
258 1824 359 1909 Quod
372 1828 401 1890 ei
417 1829 473 1910 qui
490 1827 637 1911 loquitur
648 1830 788 1892 verbum
802 1836 822 1862 ‘⁸
831 1840 952 1893 contra
965 1830 1130 1913 Spiritum
1143 1832 1238 1895 Sanc·

344 1920 440 1985 tum'¹
458 1942 526 1984 non
549 1924 753 1996 remittatur,
774 1933 828 1986 est
850 1924 928 2007 quia
950 1936 1058 2006 negat
1079 1926 1238 1989 Divinita-

344 2024 415 2079 tem
439 2015 576 2079 Domini
599 2026 634 2079 et
658 2013 877 2081 sanititatem
897 2016 1024 2095 Verbi;
1058 2018 1136 2083 huic
1159 2022 1237 2083 enim

346 2119 480 2172 nonest
499 2109 628 2192 religio.

197 2219 226 2284 9.
259 2199 359 2284 Quod
376 2203 406 2265 ei
425 2204 480 2284 qui
499 2203 676 2286 “loquitur
690 2205 830 2267 verbum
846 2215 966 2269 contra
983 2204 1107 2269 Filium
1127 2206 1238 2269 Homi-

344 2295 419 2359 nis”
444 2298 648 2372 remittatur,
673 2308 727 2362 est
753 2298 844 2381 quod
874 2301 904 2363 ei
936 2297 1162 2380 [remittatur]
1191 2300 1238 2382 qui

345 2399 451 2472 negat
463 2390 527 2454 hoc
540 2402 576 2454 et
586 2390 668 2454 illud
679 2412 754 2455 esse
768 2392 926 2455 Divinum
936 2391 1066 2457 Verum
1077 2415 1122 2458 ex
1132 2393 1238 2457 Verbo

344 2484 378 2546 in
401 2484 555 2558 ecclesia,
574 2485 676 2547 modo
700 2486 818 2548 credat
841 2487 930 2568 quod
950 2488 983 2549 in
1004 2486 1122 2551 Verbo
1145 2498 1237 2550 etex

345 2576 462 2640 Verbo
481 2579 548 2640 sint
566 2578 688 2640 Divina
701 2577 802 2641 Vera.
852 2579 985 2642 “Filius
1004 2580 1179 2643 Hominis”
1190 2589 1235 2643 est

344 2669 502 2733 Divinum
522 2670 649 2733 Verum
673 2693 718 2734 ex
735 2672 852 2735 Verbo
873 2673 906 2735 in
930 2672 1095 2752 ecclesia;
1123 2685 1158 2738 et
1179 2675 1236 2736 hoc

344 2784 412 2827 non
431 2775 547 2846 potest
566 2765 609 2827 ab
628 2767 784 2829 omnibus
803 2767 918 2829 videri.
950 2799 957 2813 ν

492 3263 651 3329 CAPUT
681 3264 887 3330 SEXTUM.

194 3430 287 3490 [Hujus
302 3431 472 3477 &unanimis
487 3433 568 3490 capita
583 3432 622 3485 vi..
635 3432 682 3485 vii„
695 3432 750 3485 viii„
764 3447 817 3478 crem
834 3433 877 3478 hoc
894 3433 1032 3491 operculum
1049 3447 1082 3478 ex
1100 3431 1235 3493 autographo

132 3500 339 3554 transcriiemur.
351 3500 459 3545 miri
468 3514 515 3545 non
520 3498 670 3559 potuerunt]

134 3631 245 3713 Quon
270 3648 404 3699 vmuus
431 3649 479 3698 ET
503 3647 694 3699 omnmo
725 3635 878 3708 Drvmu,
903 3649 1003 3711 Quae
1031 3648 1233 3699 mamim-

259 3743 334 3793 τω(
356 3743 425 3791 Pau
449 3728 631 3792 Summum
655 3728 849 3804 Saucuum
871 3743 928 3793 sm
948 3726 1232 3797 ¹¹¹1NSTAURAT10‚

260 3836 520 3895 Rarourmmo,
546 3836 838 3900 emmeram
872 3836 919 3884 eu
943 3837 1148 3888 secuunuu
1171 3834 1234 3885 uas

258 3929 502 3990 v1v1r1car10,
521 3930 812 3979 suucmmcfflo
831 3930 879 3978 ΕΤ
893 3931 1170 3994 Jusmmcumm
1195 3927 1234 3978 m

259 4023 463 4074 secuuntur
494 4024 568 4074 uas
598 4024 840 4074 mummulo
870 4026 896 4074 A
918 4022 1235 4086 MAL15,Reu15510

260 4116 522 4181 PuceATORUM,
547 4118 595 4167 er
618 4103 834 4168 smmum!

520 4385 538 4421 ¹·
556 4385 593 4447 [a
603 4387 713 4447 margin
723 4386 844 4445 aaran]
