2776 5040
192 501 231 564 14
507 497 559 549 DE
580 495 686 548 NOVA
709 493 984 548 fflERosoLvrsn

187 666 233 730 ibi
251 666 416 750 regimina
433 663 666 731 ecclesiastica
685 675 721 730 et
736 664 846 730 civilia
863 686 871 744 ;
894 664 1009 739 verbo,
1028 683 1095 726 non
1112 663 1180 728 alia
1194 663 1305 729 inter·

187 774 280 840 cedit
302 773 494 839 differentia
514 774 603 838 inter
617 773 676 838 illa
694 794 780 857 quae
798 774 832 838 in
854 771 958 837 caelis
981 781 1060 836 sunt
1079 782 1114 836 et
1134 773 1223 836 inter
1245 771 1306 836 illa

186 903 274 966 quae
292 883 325 947 in
344 884 455 959 terris,
472 901 573 967 quam
592 881 683 966 quod
701 883 816 946 omnia
833 881 867 945 in
885 880 990 945 caelis
1004 882 1039 944 in
1058 890 1152 945 statu
1171 880 1303 963 persec-

186 995 264 1058 tiori
282 994 363 1068 sint,
375 992 453 1077 quia
470 1010 590 1056 omnes
608 992 664 1074 qui
681 991 727 1055 ibi
746 990 937 1074 spirituales
955 1000 1046 1065 sunt,
1060 1000 1095 1055 et
1114 989 1305 1073 spiritualia

186 1101 390 1163 immensum
418 1098 595 1162 excedunt
623 1097 794 1161 naturalia
821 1093 1042 1179 perfectione.
1093 1112 1306 1172 (montanas

185 1193 1055 1254 nliustnsvinnturinopaevaeaeloerlnsmoubivisinspeeiein
1070 1192 1306 1250 artemonem-

185 1269 289 1315 minlbns
304 1269 329 1315 ln
344 1268 427 1324 Caelo,
444 1281 468 1315 n.
484 1281 605 1328 arg-nm
627 1273 652 1314 et
665 1268 691 1313 in
706 1268 806 1314 articulo
824 1266 863 1313 De
881 1267 955 1315 Cultu
975 1267 1064 1313 Divino
1080 1267 1120 1320 ibi.
1136 1280 1161 1314 n.
1177 1266 1304 1324 aar-227.)

185 1344 243 1409 Ex
261 1345 315 1410 his
333 1354 493 1411 constare
511 1354 627 1429 potest
645 1345 724 1428 quid
743 1344 946 1427 intelligitur
963 1364 1023 1426 per
1041 1345 1132 1428 quod
1152 1350 1173 1378 ‘⁶
1184 1340 1304 1407 sancia

186 1455 317 1529 civitas,
342 1453 443 1518 Nova
469 1452 721 1536 Hierosolyma,
742 1455 814 1518 visa
843 1456 888 1518 sit
914 1454 1123 1519 descendere
1146 1475 1167 1518 a
1190 1452 1304 1518 Deoe

185 1563 313 1628 caelo.'¹
354 1562 423 1628 Sed
442 1563 604 1628 accedam
623 1564 666 1627 ad
685 1564 793 1647 ipsam
810 1562 1017 1639 Dollrinam,
1035 1586 1121 1647 quae
1137 1585 1198 1647 pro
1214 1584 1304 1627 nova

186 1669 353 1750 ecclesia;
383 1691 481 1755 quae,
505 1670 583 1755 quia
604 1671 688 1735 mihi
709 1670 862 1735 revelata
883 1681 937 1735 est
962 1692 981 1735 e
1008 1671 1115 1748 caelo,
1139 1671 1305 1736 Dolirina

189 1779 350 1846 Caelestis
365 1791 527 1846 vocatur:
551 1800 631 1846 nam
650 1781 738 1846 hanc
755 1782 847 1859 dare,
864 1781 961 1864 hujus
979 1784 1089 1866 operis
1108 1783 1303 1848 institutum

186 1898 250 1954 est.
